2768 4776
588 354 786 425 ..63-

185 511 311 578 Postea
328 528 414 576 vero
435 528 455 574 a
473 502 654 601 discipulis
676 506 748 573 suis
767 501 940 573 Arabibus
958 518 1186 600 superantur,

183 641 226 688 ac
241 616 340 687 velut
358 615 395 684 in
414 612 583 685 umbram
599 623 840 709 reponuntur.
879 674 883 683 .

232 721 404 793 Praeteriri
421 735 540 791 tamen
558 719 684 815 nequit
701 720 810 814 Syros
825 718 1022 790 nonnullos
1038 720 1101 816 qni
1113 718 1191 817 pbi-

183 828 386 927 losophiam
398 827 568 900 colebant
576 824 742 897 ethnicos
751 849 826 895 non
838 825 1052 899 christianos
1068 827 1186 901 fuisse.

183 940 392 1010 Portentum
425 937 522 1009 enim
547 932 651 1003 valde
686 931 864 1029 singulare
889 948 943 1004 est
975 935 1100 1006 schola
1131 936 1191 1009 illa

184 1044 439 1129 Hemonensis,
470 1042 507 1110 in
532 1064 604 1136 qua
632 1039 823 1137 religiones
851 1039 1003 1111 ethnicae
1034 1041 1106 1114 lere
1143 1043 1191 1116 ad

183 1153 352 1223 saeculum
369 1147 650 1239 induraverunt,
667 1146 847 1244 simulque
860 1146 1059 1220 floruerunt
1070 1150 1192 1248 philo-

183 1257 312 1355 sophia
336 1270 372 1326 et
396 1270 490 1327 artes
512 1254 678 1327 liberales
700 1270 876 1327 veterum.
905 1260 1003 1327 Inter
1023 1256 1191 1331 doctores

184 1365 290 1459 huJ‘us
320 1361 451 1434 scholae
484 1363 654 1462 praecipui
687 1364 918 1435 eminuerunt
948 1363 1085 1438 Thubet
1118 1364 1190 1436 ben

186 1469 338 1557 Korrah,
357 1472 453 1541 circa
469 1494 606 1541 annum
630 1474 716 1559 900,
744 1472 974 1542 astronomiae
1001 1486 1037 1543 et
1058 1470 1191 1544 dialec-

185 1582 262 1652 ticae
288 1581 435 1651 scientia
456 1580 588 1668 clarus,
610 1605 754 1653 necnon
778 1584 897 1652 Senon
914 1580 987 1653 ben
1003 1580 1140 1653 Thubet
1157 1598 1192 1655 et

184 1687 317 1758 Thabet
343 1687 415 1759 ben
440 1690 560 1759 Senan
579 1686 674 1759 lilius
700 1703 737 1760 et
752 1712 868 1787 nepos
884 1688 974 1784 ejus,
996 1689 1192 1786 dequibus

184 1795 314 1867 videsis
324 1795 576 1868 Barhebraenm
585 1800 606 1866 ¹.
622 1796 764 1868 Referre
769 1796 872 1892 juvat
881 1796 1003 1868 locum
1014 1798 1192 1895 insignem

182 1902 348 1974 Thabetis
365 1903 437 1973 ben
463 1902 618 1992 Korrah,
640 1906 702 2001 qui
725 1903 858 1976 scholae
881 1904 1116 1977 Harrnnensis
1140 1906 1193 1978 in·

183 2009 306 2080 dolem
314 2010 429 2107 probe
442 2009 561 2098 refert,
573 2035 756 2107 quemque
774 2012 881 2082 nobis
895 2013 1048 2084 servarit
1058 2010 1191 2085 Barbe-

183 2115 340 2187 braeus':
364 2120 516 2203 «Quum
533 2116 637 2189 multi
654 2119 692 2189 in
713 2142 873 2190 errorem
898 2118 1038 2191 seducti
1059 2120 1192 2193 luerint

183 2248 250 2322 per
270 2225 463 2314 cruciatus,
495 2239 615 2324 patres
636 2227 751 2297 nostri
772 2248 794 2296 a
813 2228 893 2297 Deo
915 2224 1029 2321 adjuti
1049 2230 1191 2298 restite—

183 2346 270 2403 runt
286 2330 436 2422 fortiter,
459 2356 579 2429 neque
605 2356 765 2431 unquam
781 2332 921 2433 polluta
942 2349 996 2405 est
1012 2332 1099 2405 urbs
1115 2334 1192 2407 haec

183 2437 373 2510 benedicta
396 2463 520 2511 errore
542 2464 733 2511 nazareno.
767 2444 860 2512 Ecce
887 2464 1013 2512 sumus
1032 2438 1193 2511 baeredes

183 2545 385 2617 ethnicismi
410 2548 472 2644 qui
508 2545 597 2618 orbe
625 2561 703 2619 toto
739 2546 954 2619 celebratur.
977 2552 1194 2619 Fortunatus

184 2653 280 2722 enim
291 2652 348 2724 ille
358 2656 483 2752 estqui
496 2656 785 2752 persecutionem
797 2656 945 2754 patitur,
957 2654 1192 2755 speransfore

184 2774 223 2830 ut
237 2759 283 2831 ab
300 2760 517 2833 ethnicismo
538 2762 815 2861 comprobetur!
840 2765 942 2856 Quis,
961 2788 1097 2862 quaeso,
1118 2778 1194 2835 ter-

182 2893 260 2941 ram
281 2867 513 2944 habitabilem
530 2872 688 2945 reddidit
710 2874 801 2945 etin
820 2873 980 2945 civitates
996 2870 1191 2963 distribuit,

184 2978 252 3046 nisi
268 2980 459 3075 optimates
478 2996 514 3051 et
536 3004 636 3077 reges
654 2980 878 3052 ethnicismi?
903 2980 992 3069 Quis
1007 2994 1135 3078 portus
1157 2995 1194 3051 et

185 3084 313 3155 lluvios
330 3086 531 3184 disposuit?
548 3090 638 3174 Quis
658 3089 843 3160 doctrinas
858 3086 1091 3159 absconditus
1105 3110 1193 3183 pro·

185 3189 266 3259 tulit
280 3190 317 3260 in
335 3190 475 3262 lucem?
499 3194 652 3263 Cuinum
669 3199 766 3266 Deus
789 3194 1030 3265 divinationes
1048 3216 1193 3265 conces·

185 3298 229 3368 sit
253 3312 288 3369 et
312 3322 368 3369 res
398 3298 534 3372 futuras
563 3297 756 3392 indicavit,
783 3300 853 3371 nisi
879 3298 1077 3371 illustribus
1099 3298 1194 3371 inter

185 3405 370 3478 ethnicos?
391 3408 436 3478 Hi
453 3432 580 3480 omnes
605 3423 699 3481 artes
717 3407 875 3499 coluere,
896 3406 1057 3479 revelant
1082 3406 1195 3478 medi·

183 3514 303 3587 cinam
333 3515 558 3607 animarum,
591 3516 789 3591 ostendunt
819 3540 943 3589 earurn
977 3514 1194 3613 redemptio·

225 3736 234 3769 ¹
257 3737 356 3795 Clima.
384 3759 457 3811 syn,
477 3756 508 3819 p.
536 3744 684 3813 tte-1813
715 3744 863 3802 187-188,
886 3772 926 3787 -
948 3744 1041 3812 Dym,
1061 3760 1092 3818 p.
1117 3742 1193 3799 lst-

187 3826 257 3895 185,
274 3827 346 3896 192,
362 3829 432 3899 197,
446 3830 517 3891 208.

225 3935 236 3967 '
258 3936 357 3993 Cliton.
373 3958 445 4010 syn,
464 3952 535 4001 text.
551 3964 582 4021 p.
602 3948 748 4016 lto-17⁷3
763 3942 864 4003 transl.
881 3961 911 4020 p.
927 3942 1069 3999 18⁰·18l.
