2768 4776
601 347 797 418 ..37-

357 497 422 555 Aba
436 495 510 554 filius
523 493 627 552 Berich
639 491 783 566 Sebjnneh

357 585 523 664 Composuit
535 582 642 642 librum
656 580 693 640 dc
706 581 858 660 strategio,

357 679 392 733 Et
403 674 597 755 expositiones
609 685 639 731 et
652 670 873 729 commentarios

355 766 440 825 Varia
455 765 578 825 refertos
594 760 783 820 eruditione¹.

245 908 444 980 Fatendum
461 901 689 976 Aristotelem
705 899 756 970 ibi
773 914 893 996 aperte
913 923 989 970 non
1006 899 1194 997 designari.

197 1013 267 1085 Sed
274 1014 503 1086 Barhebreeus
511 1032 677 1107 expresse
687 1006 868 1079 Marabam
877 1006 1000 1079 laudat
1009 1022 1048 1078 ut
1061 1007 1201 1079 theolo-

196 1121 259 1216 giae
272 1136 308 1193 et
324 1118 518 1191 dialecticae
537 1114 802 1214 peritissimum.
827 1117 959 1186 Romus
984 1122 1110 1186 Amrus
1125 1117 1195 1187 ait:

198 1257 215 1295 n
232 1228 391 1298 Edoctus
410 1239 463 1296 est
476 1226 512 1296 in
535 1222 656 1295 schola
673 1221 848 1293 Modainae
867 1222 1077 1318 (Seleuciae),
1093 1248 1200 1322 expo·

197 1336 340 1431 suitque
365 1331 632 1429 theologum-et
656 1329 833 1428 quosdam
860 1330 971 1403 libros
994 1328 1196 1417 dialectica,

199 1441 400 1513 etoonfeoit
413 1439 757 1539 interpretationes&
788 1467 806 1504 »

244 1563 341 1630 Inter
349 1556 567 1657 patriarchas
576 1557 870 1629 Nestorinnorum
878 1555 1107 1654 peripatetice
1116 1554 1199 1626 doc·

196 1682 273 1756 tos,
294 1690 484 1738 numerere
507 1688 576 1737 nos
590 1664 694 1761 jubet
717 1670 929 1737 Assemanus
949 1665 1119 1734 Surinum
1139 1666 1199 1734 Se

193 1773 422 1866 leuciensem,
453 1774 516 1870 qui
543 1773 824 1872 patriarchatum
852 1771 956 1844 malis
981 1771 1116 1843 artibus
1141 1795 1199 1842 oc·

192 1882 336 1979 cupavit
364 1906 462 1952 anno
486 1883 581 1968 754,
616 1878 700 1951 dein
738 1894 1009 1966 exauctoratus,
1044 1884 1198 1951 Bassorae

194 1990 386 2087 episcopus
404 1989 516 2061 sactus
536 2004 600 2060 est.
621 1993 701 2060 Haec
718 1988 894 2083 Ebedjesu
916 2015 924 2056 ι

355 2157 476 2216 Surinus
489 2168 699 2215 commentator
712 2157 824 2234 scripsit

355 2244 533 2304 Solutionem
547 2243 691 2322 opinionis
703 2244 922 2314 haereticorum,

353 2336 447 2394 Graeci
461 2335 603 2394 sermonis
617 2347 776 2404 structura,

352 2427 389 2482 Et
401 2424 659 2484 demonstrationes
673 2438 701 2484 et
714 2424 911 2502 quaestiones¹.

244 2574 337 2645 Nihil
361 2576 397 2645 in
423 2574 479 2644 his
503 2572 621 2644 verbis
637 2572 771 2645 indicat
791 2576 963 2644 Surinum
979 2576 1197 2647 transtulisse

195 2695 256 2751 aut
271 2682 477 2778 exposuisse
493 2680 732 2752 Aristotelem.
748 2678 965 2752 Assemanus
978 2697 1098 2754 autem
1119 2708 1195 2754 rem

181 2837 186 2863 t
192 2788 347 2886 probare
364 2789 491 2860 nititur
507 2787 670 2859 adhibito
689 2787 771 2859 loco
794 2787 954 2886 quodam
971 2789 1194 2862 Mollemme·

193 2894 249 2968 dis
274 2896 340 2967 lbn
364 2894 501 2988 lshaki,
529 2897 684 2967 auctoris
702 2893 783 2967 libri
808 2897 866 2968 cui
887 2897 1010 2969 titulus
1026 2897 1195 2969 nitito-el-

192 3003 348 3091 Ft'lirist,
372 3005 435 3101 qui
453 3003 500 3074 de
516 3002 758 3102 Metaphysica
776 3029 902 3100 agens,
922 3004 971 3075 ait
991 3032 998 3073 :
1019 3007 1197 3100 Exposuit

194 3113 369 3202 Syriacus
381 3109 508 3183 librum
518 3117 620 3199 neta,
634 3136 818 3207 versusque
829 3110 1043 3197 estarabice,
1059 3109 1195 3206 vialique

193 3216 286 3288 lianc
301 3220 557 3314 expositionem
573 3220 745 3314 scriptam
761 3242 870 3286 manu
889 3215 1007 3308 Jatya
1022 3212 1088 3282 ben
1106 3213 1191 3301 Adi,

193 3327 232 3394 in
253 3325 414 3427 catalogo
435 3325 605 3397 librorum
626 3327 748 3420 piscus.
777 3323 834 3392 Sic
854 3322 988 3416 legerat
1008 3321 1195 3416 Hottinge-

191 3434 281 3522 rus⁴,
303 3459 413 3530 quern
432 3440 644 3506 Assemanus
670 3428 920 3529 reprehendit,
940 3424 1108 3523 idemq'ue
1126 3427 1194 3524 legi

230 3633 238 3667 ¹
260 3638 387 3706 Assem,
403 3647 425 3697 t.
441 3639 495 3706 111,
511 3654 578 3712 pars
592 3638 616 3705 1,
633 3655 661 3711 p.
681 3636 820 3691 tet-158.

230 3733 241 3766 ¹
261 3733 350 3803 lbid.,
366 3756 396 3812 p.
415 3739 483 3796 157.

230 3833 241 3868 ¹
262 3833 351 3908 nia,
365 3858 394 3914 p.
415 3840 560 3897 res-roe.

231 3939 241 3972 ⁸
261 3937 336 3996 Bibl.
353 3947 468 4009 orient,
484 3959 513 4017 p.
530 3941 656 3996 ΒΗΘ-41.
