<?xml version="1.0" encoding="UTF-8"?>
<!DOCTYPE html PUBLIC "-//W3C//DTD XHTML 1.0 Transitional//EN"
    "http://www.w3.org/TR/xhtml1/DTD/xhtml1-transitional.dtd">
<html xmlns="http://www.w3.org/1999/xhtml" xml:lang="en" lang="en">
 <head>
  <title>
</title>
<meta http-equiv="Content-Type" content="text/html;charset=utf-8" />
  <meta name='ocr-system' content='tesseract 3.04.00' />
  <meta name='ocr-capabilities' content='ocr_page ocr_carea ocr_par ocr_line ocrx_word'/>
</head>
<body>
  <div class='ocr_page' id='page_1' title='image "./dephilosophiape00renagoog_0013.png"; bbox 0 0 2768 4776; ppageno 0'>
   <div class='ocr_carea' id='block_1_1' title="bbox 688 369 859 439">
    <p class='ocr_par' dir='ltr' id='par_1_1' title="bbox 688 369 859 439">
     <span class='ocr_line' id='line_1_1' title="bbox 688 369 859 439; baseline 0 -23"><span class='ocrx_word' id='word_1_1' title='bbox 688 369 859 439; x_wconf 36' lang='lat' dir='ltr'>...ov</span> 
     </span>
    </p>
   </div>
   <div class='ocr_carea' id='block_1_2' title="bbox 181 510 1275 3518">
    <p class='ocr_par' dir='ltr' id='par_1_2' title="bbox 181 510 1275 3518">
     <span class='ocr_line' id='line_1_2' title="bbox 277 510 1275 608; baseline 0.008 -26"><span class='ocrx_word' id='word_1_2' title='bbox 277 515 344 583; x_wconf 91' lang='lat' dir='ltr'>hac</span> <span class='ocrx_word' id='word_1_3' title='bbox 372 513 476 582; x_wconf 90' lang='lat' dir='ltr'>fuisse</span> <span class='ocrx_word' id='word_1_4' title='bbox 497 510 732 600; x_wconf 88' lang='lat' dir='ltr'>intentatum,</span> <span class='ocrx_word' id='word_1_5' title='bbox 767 512 925 608; x_wconf 89' lang='lat' dir='ltr'>mihique</span> <span class='ocrx_word' id='word_1_6' title='bbox 952 514 1033 584; x_wconf 88' lang='lat' dir='ltr'>satis</span> <span class='ocrx_word' id='word_1_7' title='bbox 1062 514 1221 588; x_wconf 87' lang='lat' dir='ltr'>futurum</span> <span class='ocrx_word' id='word_1_8' title='bbox 1246 522 1275 590; x_wconf 92' lang='lat' dir='ltr'>si</span> 
     </span>
     <span class='ocr_line' id='line_1_3' title="bbox 275 619 1274 720; baseline 0.004 -27"><span class='ocrx_word' id='word_1_9' title='bbox 275 622 377 693; x_wconf 92' lang='lat' dir='ltr'>lineis</span> <span class='ocrx_word' id='word_1_10' title='bbox 391 621 513 717; x_wconf 92' lang='lat' dir='ltr'>primis</span> <span class='ocrx_word' id='word_1_11' title='bbox 525 621 619 692; x_wconf 94' lang='lat' dir='ltr'>hanc</span> <span class='ocrx_word' id='word_1_12' title='bbox 638 621 825 692; x_wconf 81' lang='lat' dir='ltr'><strong>materiam</strong></span> <span class='ocrx_word' id='word_1_13' title='bbox 839 619 1073 719; x_wconf 80' lang='lat' dir='ltr'><strong>descripsero.</strong></span> <span class='ocrx_word' id='word_1_14' title='bbox 1099 624 1274 720; x_wconf 75' lang='lat' dir='ltr'>Singulari</span> 
     </span>
     <span class='ocr_line' id='line_1_4' title="bbox 275 727 1274 827; baseline 0.005 -27"><span class='ocrx_word' id='word_1_15' title='bbox 275 729 436 817; x_wconf 84' lang='lat' dir='ltr'>fortuna,</span> <span class='ocrx_word' id='word_1_16' title='bbox 460 751 502 798; x_wconf 93' lang='lat' dir='ltr'>ac</span> <span class='ocrx_word' id='word_1_17' title='bbox 527 752 691 799; x_wconf 90' lang='lat' dir='ltr'>meorum</span> <span class='ocrx_word' id='word_1_18' title='bbox 715 728 846 798; x_wconf 90' lang='lat' dir='ltr'>civium</span> <span class='ocrx_word' id='word_1_19' title='bbox 869 727 1044 800; x_wconf 84' lang='lat' dir='ltr'>beneficio</span> <span class='ocrx_word' id='word_1_20' title='bbox 1067 731 1130 827; x_wconf 93' lang='lat' dir='ltr'>qui</span> <span class='ocrx_word' id='word_1_21' title='bbox 1150 730 1274 826; x_wconf 90' lang='lat' dir='ltr'>juveni</span> 
     </span>
     <span class='ocr_line' id='line_1_5' title="bbox 274 831 1274 933; baseline 0.005 -28"><span class='ocrx_word' id='word_1_22' title='bbox 274 848 419 931; x_wconf 88' lang='lat' dir='ltr'>sumptu</span> <span class='ocrx_word' id='word_1_23' title='bbox 447 832 593 930; x_wconf 90' lang='lat' dir='ltr'>publico</span> <span class='ocrx_word' id='word_1_24' title='bbox 618 833 787 905; x_wconf 87' lang='lat' dir='ltr'>viaticum</span> <span class='ocrx_word' id='word_1_25' title='bbox 811 831 867 927; x_wconf 86' lang='lat' dir='ltr'>ad</span> <span class='ocrx_word' id='word_1_26' title='bbox 902 833 1029 905; x_wconf 88' lang='lat' dir='ltr'>itinera</span> <span class='ocrx_word' id='word_1_27' title='bbox 1056 833 1274 933; x_wconf 82' lang='lat' dir='ltr'>philologica</span> 
     </span>
     <span class='ocr_line' id='line_1_6' title="bbox 274 938 1273 1038; baseline 0.004 -26"><span class='ocrx_word' id='word_1_28' title='bbox 274 954 544 1030; x_wconf 88' lang='lat' dir='ltr'>concesserunt,</span> <span class='ocrx_word' id='word_1_29' title='bbox 559 938 723 1012; x_wconf 89' lang='lat' dir='ltr'>evolvere</span> <span class='ocrx_word' id='word_1_30' title='bbox 738 939 826 1009; x_wconf 92' lang='lat' dir='ltr'>mihi</span> <span class='ocrx_word' id='word_1_31' title='bbox 840 941 990 1037; x_wconf 86' lang='lat' dir='ltr'>contigit</span> <span class='ocrx_word' id='word_1_32' title='bbox 1006 956 1185 1038; x_wconf 82' lang='lat' dir='ltr'>quotquot</span> <span class='ocrx_word' id='word_1_33' title='bbox 1201 944 1273 1017; x_wconf 86' lang='lat' dir='ltr'>fere</span> 
     </span>
     <span class='ocr_line' id='line_1_7' title="bbox 272 1045 1271 1147; baseline 0.005 -29"><span class='ocrx_word' id='word_1_34' title='bbox 272 1052 416 1144; x_wconf 81' lang='lat' dir='ltr'>Europa</span> <span class='ocrx_word' id='word_1_35' title='bbox 433 1047 594 1118; x_wconf 88' lang='lat' dir='ltr'>continet</span> <span class='ocrx_word' id='word_1_36' title='bbox 609 1045 751 1117; x_wconf 89' lang='lat' dir='ltr'>codices</span> <span class='ocrx_word' id='word_1_37' title='bbox 769 1046 924 1141; x_wconf 84' lang='lat' dir='ltr'>syriacos</span> <span class='ocrx_word' id='word_1_38' title='bbox 945 1047 992 1118; x_wconf 89' lang='lat' dir='ltr'>ad</span> <span class='ocrx_word' id='word_1_39' title='bbox 1008 1048 1271 1147; x_wconf 84' lang='lat' dir='ltr'>philosophiam</span> 
     </span>
     <span class='ocr_line' id='line_1_8' title="bbox 272 1150 1270 1252; baseline 0.003 -27"><span class='ocrx_word' id='word_1_40' title='bbox 272 1169 489 1252; x_wconf 82' lang='lat' dir='ltr'><strong>spectantes,</strong></span> <span class='ocrx_word' id='word_1_41' title='bbox 514 1155 722 1242; x_wconf 72' lang='lat' dir='ltr'>vaticanos,</span> <span class='ocrx_word' id='word_1_42' title='bbox 749 1150 945 1242; x_wconf 86' lang='lat' dir='ltr'>Mediceos,</span> <span class='ocrx_word' id='word_1_43' title='bbox 978 1155 1205 1246; x_wconf 86' lang='lat' dir='ltr'>Parisienses,</span> <span class='ocrx_word' id='word_1_44' title='bbox 1229 1183 1270 1230; x_wconf 89' lang='lat' dir='ltr'>ac</span> 
     </span>
     <span class='ocr_line' id='line_1_9' title="bbox 271 1262 1268 1362; baseline 0.001 -28"><span class='ocrx_word' id='word_1_45' title='bbox 271 1263 405 1334; x_wconf 89' lang='lat' dir='ltr'>caeteris</span> <span class='ocrx_word' id='word_1_46' title='bbox 418 1263 532 1334; x_wconf 88' lang='lat' dir='ltr'>multo</span> <span class='ocrx_word' id='word_1_47' title='bbox 546 1262 807 1362; x_wconf 84' lang='lat' dir='ltr'>praestantiores</span> <span class='ocrx_word' id='word_1_48' title='bbox 824 1263 886 1358; x_wconf 95' lang='lat' dir='ltr'>qui</span> <span class='ocrx_word' id='word_1_49' title='bbox 894 1262 940 1333; x_wconf 91' lang='lat' dir='ltr'>ad</span> <span class='ocrx_word' id='word_1_50' title='bbox 956 1265 1117 1334; x_wconf 87' lang='lat' dir='ltr'>Museum</span> <span class='ocrx_word' id='word_1_51' title='bbox 1134 1267 1268 1336; x_wconf 89' lang='lat' dir='ltr'>Britan·</span> 
     </span>
     <span class='ocr_line' id='line_1_10' title="bbox 270 1368 1270 1469; baseline 0.003 -29"><span class='ocrx_word' id='word_1_52' title='bbox 270 1371 391 1441; x_wconf 89' lang='lat' dir='ltr'>nicum</span> <span class='ocrx_word' id='word_1_53' title='bbox 409 1368 518 1442; x_wconf 87' lang='lat' dir='ltr'>delati</span> <span class='ocrx_word' id='word_1_54' title='bbox 533 1384 617 1441; x_wconf 87' lang='lat' dir='ltr'>sunt</span> <span class='ocrx_word' id='word_1_55' title='bbox 631 1395 674 1442; x_wconf 86' lang='lat' dir='ltr'>ex</span> <span class='ocrx_word' id='word_1_56' title='bbox 687 1369 748 1440; x_wconf 88' lang='lat' dir='ltr'>illa</span> <span class='ocrx_word' id='word_1_57' title='bbox 759 1372 794 1440; x_wconf 91' lang='lat' dir='ltr'>S.</span> <span class='ocrx_word' id='word_1_58' title='bbox 815 1370 932 1441; x_wconf 87' lang='lat' dir='ltr'>Mariae</span> <span class='ocrx_word' id='word_1_59' title='bbox 943 1371 1105 1469; x_wconf 87' lang='lat' dir='ltr'>Deiparae</span> <span class='ocrx_word' id='word_1_60' title='bbox 1116 1372 1270 1443; x_wconf 89' lang='lat' dir='ltr'>Nitrien-</span> 
     </span>
     <span class='ocr_line' id='line_1_11' title="bbox 270 1477 1269 1575; baseline 0.002 -26"><span class='ocrx_word' id='word_1_61' title='bbox 270 1480 315 1549; x_wconf 92' lang='lat' dir='ltr'>sis</span> <span class='ocrx_word' id='word_1_62' title='bbox 328 1477 545 1550; x_wconf 86' lang='lat' dir='ltr'>bibliotheca</span> <span class='ocrx_word' id='word_1_63' title='bbox 562 1477 818 1566; x_wconf 87' lang='lat' dir='ltr'>inaestimabili,</span> <span class='ocrx_word' id='word_1_64' title='bbox 833 1502 911 1573; x_wconf 85' lang='lat' dir='ltr'>quae</span> <span class='ocrx_word' id='word_1_65' title='bbox 924 1493 1066 1568; x_wconf 88' lang='lat' dir='ltr'>nostra,</span> <span class='ocrx_word' id='word_1_66' title='bbox 1089 1478 1183 1575; x_wconf 94' lang='lat' dir='ltr'>proh</span> <span class='ocrx_word' id='word_1_67' title='bbox 1203 1480 1269 1551; x_wconf 93' lang='lat' dir='ltr'>do-</span> 
     </span>
     <span class='ocr_line' id='line_1_12' title="bbox 269 1583 1267 1683; baseline 0 -25"><span class='ocrx_word' id='word_1_68' title='bbox 269 1585 342 1658; x_wconf 89' lang='lat' dir='ltr'>lor!</span> <span class='ocrx_word' id='word_1_69' title='bbox 364 1611 441 1658; x_wconf 90' lang='lat' dir='ltr'>esse</span> <span class='ocrx_word' id='word_1_70' title='bbox 460 1601 616 1683; x_wconf 88' lang='lat' dir='ltr'>poterat,</span> <span class='ocrx_word' id='word_1_71' title='bbox 641 1587 670 1657; x_wconf 91' lang='lat' dir='ltr'>si</span> <span class='ocrx_word' id='word_1_72' title='bbox 695 1584 806 1656; x_wconf 93' lang='lat' dir='ltr'>modo</span> <span class='ocrx_word' id='word_1_73' title='bbox 824 1583 1073 1657; x_wconf 89' lang='lat' dir='ltr'>voluissemus.</span> <span class='ocrx_word' id='word_1_74' title='bbox 1093 1589 1180 1673; x_wconf 89' lang='lat' dir='ltr'>Quae</span> <span class='ocrx_word' id='word_1_75' title='bbox 1194 1590 1267 1682; x_wconf 89' lang='lat' dir='ltr'>jam</span> 
     </span>
     <span class='ocr_line' id='line_1_13' title="bbox 268 1692 1267 1790; baseline -0.002 -23"><span class='ocrx_word' id='word_1_76' title='bbox 268 1719 311 1767; x_wconf 88' lang='lat' dir='ltr'>ex</span> <span class='ocrx_word' id='word_1_77' title='bbox 344 1695 405 1766; x_wconf 94' lang='lat' dir='ltr'>illo</span> <span class='ocrx_word' id='word_1_78' title='bbox 435 1692 603 1765; x_wconf 87' lang='lat' dir='ltr'>thesauro</span> <span class='ocrx_word' id='word_1_79' title='bbox 629 1693 760 1764; x_wconf 86' lang='lat' dir='ltr'>eruerit</span> <span class='ocrx_word' id='word_1_80' title='bbox 788 1693 1008 1790; x_wconf 87' lang='lat' dir='ltr'>antiquitatis</span> <span class='ocrx_word' id='word_1_81' title='bbox 1034 1709 1267 1765; x_wconf 89' lang='lat' dir='ltr'>monumenta</span> 
     </span>
     <span class='ocr_line' id='line_1_14' title="bbox 268 1800 1267 1897; baseline -0.001 -24"><span class='ocrx_word' id='word_1_82' title='bbox 268 1803 313 1874; x_wconf 92' lang='lat' dir='ltr'>cl.</span> <span class='ocrx_word' id='word_1_83' title='bbox 326 1802 523 1874; x_wconf 89' lang='lat' dir='ltr'>Gulielmus</span> <span class='ocrx_word' id='word_1_84' title='bbox 533 1805 689 1871; x_wconf 88' lang='lat' dir='ltr'>Cureton</span> <span class='ocrx_word' id='word_1_85' title='bbox 704 1824 830 1871; x_wconf 92' lang='lat' dir='ltr'>omnes</span> <span class='ocrx_word' id='word_1_86' title='bbox 841 1800 938 1872; x_wconf 88' lang='lat' dir='ltr'>docti</span> <span class='ocrx_word' id='word_1_87' title='bbox 948 1802 1077 1872; x_wconf 90' lang='lat' dir='ltr'>sciunt.</span> <span class='ocrx_word' id='word_1_88' title='bbox 1093 1806 1169 1897; x_wconf 85' lang='lat' dir='ltr'>Ego</span> <span class='ocrx_word' id='word_1_89' title='bbox 1181 1827 1267 1872; x_wconf 91' lang='lat' dir='ltr'>vero</span> 
     </span>
     <span class='ocr_line' id='line_1_15' title="bbox 268 1906 1266 2007; baseline 0 -27"><span class='ocrx_word' id='word_1_90' title='bbox 268 1926 308 1980; x_wconf 93' lang='lat' dir='ltr'>ut</span> <span class='ocrx_word' id='word_1_91' title='bbox 334 1906 590 2007; x_wconf 88' lang='lat' dir='ltr'>supellectilem</span> <span class='ocrx_word' id='word_1_92' title='bbox 615 1906 712 1978; x_wconf 91' lang='lat' dir='ltr'>illam</span> <span class='ocrx_word' id='word_1_93' title='bbox 741 1910 896 2000; x_wconf 86' lang='lat' dir='ltr'>excussi,</span> <span class='ocrx_word' id='word_1_94' title='bbox 923 1933 1007 1980; x_wconf 81' lang='lat' dir='ltr'>mox</span> <span class='ocrx_word' id='word_1_95' title='bbox 1029 1907 1266 1981; x_wconf 71' lang='lat' dir='ltr'>vanimadverti</span> 
     </span>
     <span class='ocr_line' id='line_1_16' title="bbox 268 2015 1265 2117; baseline 0 -27"><span class='ocrx_word' id='word_1_96' title='bbox 268 2044 346 2117; x_wconf 89' lang='lat' dir='ltr'>quae</span> <span class='ocrx_word' id='word_1_97' title='bbox 360 2018 444 2090; x_wconf 92' lang='lat' dir='ltr'>alibi</span> <span class='ocrx_word' id='word_1_98' title='bbox 455 2031 681 2089; x_wconf 87' lang='lat' dir='ltr'>asservantur</span> <span class='ocrx_word' id='word_1_99' title='bbox 695 2015 930 2115; x_wconf 76' lang='lat' dir='ltr'>philosophiae</span> <span class='ocrx_word' id='word_1_100' title='bbox 943 2019 1086 2114; x_wconf 88' lang='lat' dir='ltr'>syriaeae</span> <span class='ocrx_word' id='word_1_101' title='bbox 1101 2017 1265 2114; x_wconf 91' lang='lat' dir='ltr'>reliquias</span> 
     </span>
     <span class='ocr_line' id='line_1_17' title="bbox 268 2123 1265 2224; baseline -0.001 -27"><span class='ocrx_word' id='word_1_102' title='bbox 268 2127 370 2197; x_wconf 92' lang='lat' dir='ltr'>nihili</span> <span class='ocrx_word' id='word_1_103' title='bbox 386 2127 459 2196; x_wconf 86' lang='lat' dir='ltr'>fere</span> <span class='ocrx_word' id='word_1_104' title='bbox 476 2123 700 2195; x_wconf 87' lang='lat' dir='ltr'>aestimandas</span> <span class='ocrx_word' id='word_1_105' title='bbox 716 2125 745 2194; x_wconf 93' lang='lat' dir='ltr'>si</span> <span class='ocrx_word' id='word_1_106' title='bbox 765 2123 864 2195; x_wconf 91' lang='lat' dir='ltr'>hisce</span> <span class='ocrx_word' id='word_1_107' title='bbox 880 2139 1147 2224; x_wconf 89' lang='lat' dir='ltr'>comparentur,</span> <span class='ocrx_word' id='word_1_108' title='bbox 1160 2139 1265 2222; x_wconf 89' lang='lat' dir='ltr'>atque</span> 
     </span>
     <span class='ocr_line' id='line_1_18' title="bbox 266 2230 1267 2329; baseline 0.001 -26"><span class='ocrx_word' id='word_1_109' title='bbox 266 2235 303 2303; x_wconf 91' lang='lat' dir='ltr'>in</span> <span class='ocrx_word' id='word_1_110' title='bbox 318 2233 373 2304; x_wconf 91' lang='lat' dir='ltr'>his</span> <span class='ocrx_word' id='word_1_111' title='bbox 391 2231 609 2304; x_wconf 84' lang='lat' dir='ltr'>membranis</span> <span class='ocrx_word' id='word_1_112' title='bbox 624 2230 855 2328; x_wconf 68' lang='lat' dir='ltr'>quaerendam</span> <span class='ocrx_word' id='word_1_113' title='bbox 872 2256 949 2304; x_wconf 89' lang='lat' dir='ltr'>esse</span> <span class='ocrx_word' id='word_1_114' title='bbox 968 2245 1099 2320; x_wconf 90' lang='lat' dir='ltr'>totam,</span> <span class='ocrx_word' id='word_1_115' title='bbox 1120 2256 1200 2329; x_wconf 86' lang='lat' dir='ltr'>quae</span> <span class='ocrx_word' id='word_1_116' title='bbox 1212 2257 1267 2304; x_wconf 91' lang='lat' dir='ltr'>su-</span> 
     </span>
     <span class='ocr_line' id='line_1_19' title="bbox 181 2338 1265 2439; baseline 0 -27"><span class='ocrx_word' id='word_1_117' title='bbox 181 2368 184 2373; x_wconf 92' lang='lat'>·</span> <span class='ocrx_word' id='word_1_118' title='bbox 265 2356 396 2438; x_wconf 88' lang='lat' dir='ltr'>percst,</span> <span class='ocrx_word' id='word_1_119' title='bbox 415 2338 680 2439; x_wconf 89' lang='lat' dir='ltr'>philosophiam</span> <span class='ocrx_word' id='word_1_120' title='bbox 689 2341 873 2435; x_wconf 86' lang='lat' dir='ltr'>Syrorum.</span> <span class='ocrx_word' id='word_1_121' title='bbox 885 2342 1014 2438; x_wconf 88' lang='lat' dir='ltr'>Sparsa</span> <span class='ocrx_word' id='word_1_122' title='bbox 1030 2340 1190 2436; x_wconf 94' lang='lat' dir='ltr'>quidem,</span> <span class='ocrx_word' id='word_1_123' title='bbox 1203 2342 1265 2412; x_wconf 92' lang='lat' dir='ltr'>sed</span> 
     </span>
     <span class='ocr_line' id='line_1_20' title="bbox 265 2447 1266 2546; baseline 0.003 -28"><span class='ocrx_word' id='word_1_124' title='bbox 265 2450 420 2546; x_wconf 90' lang='lat' dir='ltr'>pretiosa</span> <span class='ocrx_word' id='word_1_125' title='bbox 436 2448 655 2520; x_wconf 90' lang='lat' dir='ltr'>documenta</span> <span class='ocrx_word' id='word_1_126' title='bbox 674 2448 782 2540; x_wconf 92' lang='lat' dir='ltr'>mihi,</span> <span class='ocrx_word' id='word_1_127' title='bbox 814 2450 904 2521; x_wconf 91' lang='lat' dir='ltr'>sicut</span> <span class='ocrx_word' id='word_1_128' title='bbox 922 2447 1090 2520; x_wconf 92' lang='lat' dir='ltr'>omnibus</span> <span class='ocrx_word' id='word_1_129' title='bbox 1112 2450 1266 2544; x_wconf 86' lang='lat' dir='ltr'>syriacas</span> 
     </span>
     <span class='ocr_line' id='line_1_21' title="bbox 264 2555 1264 2644; baseline 0.003 -19"><span class='ocrx_word' id='word_1_130' title='bbox 264 2555 397 2628; x_wconf 87' lang='lat' dir='ltr'>litteras</span> <span class='ocrx_word' id='word_1_131' title='bbox 415 2555 635 2644; x_wconf 91' lang='lat' dir='ltr'>colentibus,</span> <span class='ocrx_word' id='word_1_132' title='bbox 661 2556 834 2629; x_wconf 81' lang='lat' dir='ltr'>offerebat</span> <span class='ocrx_word' id='word_1_133' title='bbox 857 2561 1090 2629; x_wconf 76' lang='lat' dir='ltr'>Assemanus:</span> <span class='ocrx_word' id='word_1_134' title='bbox 1120 2569 1157 2628; x_wconf 89' lang='lat' dir='ltr'>at</span> <span class='ocrx_word' id='word_1_135' title='bbox 1177 2557 1264 2628; x_wconf 93' lang='lat' dir='ltr'>doc·</span> 
     </span>
     <span class='ocr_line' id='line_1_22' title="bbox 264 2663 1265 2764; baseline 0 -30"><span class='ocrx_word' id='word_1_136' title='bbox 264 2678 323 2735; x_wconf 86' lang='lat' dir='ltr'>tus</span> <span class='ocrx_word' id='word_1_137' title='bbox 355 2664 529 2736; x_wconf 88' lang='lat' dir='ltr'>Maronita</span> <span class='ocrx_word' id='word_1_138' title='bbox 558 2663 699 2736; x_wconf 88' lang='lat' dir='ltr'>codices</span> <span class='ocrx_word' id='word_1_139' title='bbox 736 2665 1006 2764; x_wconf 91' lang='lat' dir='ltr'>philosophicos</span> <span class='ocrx_word' id='word_1_140' title='bbox 1030 2664 1265 2763; x_wconf 83' lang='lat' dir='ltr'>paucissimos</span> 
     </span>
     <span class='ocr_line' id='line_1_23' title="bbox 265 2771 1261 2873; baseline -0.004 -29"><span class='ocrx_word' id='word_1_141' title='bbox 265 2772 419 2859; x_wconf 87' lang='lat' dir='ltr'>evolvit,</span> <span class='ocrx_word' id='word_1_142' title='bbox 440 2787 547 2868; x_wconf 87' lang='lat' dir='ltr'>atque</span> <span class='ocrx_word' id='word_1_143' title='bbox 557 2772 595 2843; x_wconf 85' lang='lat' dir='ltr'>iu</span> <span class='ocrx_word' id='word_1_144' title='bbox 610 2771 679 2845; x_wconf 89' lang='lat' dir='ltr'>hac</span> <span class='ocrx_word' id='word_1_145' title='bbox 693 2773 826 2846; x_wconf 85' lang='lat' dir='ltr'>laboris</span> <span class='ocrx_word' id='word_1_146' title='bbox 837 2788 939 2873; x_wconf 89' lang='lat' dir='ltr'>parte</span> <span class='ocrx_word' id='word_1_147' title='bbox 953 2797 1046 2872; x_wconf 89' lang='lat' dir='ltr'>opus</span> <span class='ocrx_word' id='word_1_148' title='bbox 1057 2790 1106 2842; x_wconf 78' lang='lat' dir='ltr'>&#39;ex</span> <span class='ocrx_word' id='word_1_149' title='bbox 1122 2773 1261 2866; x_wconf 82' lang='lat' dir='ltr'>integro</span> 
     </span>
     <span class='ocr_line' id='line_1_24' title="bbox 265 2876 1261 2974; baseline -0.005 -23"><span class='ocrx_word' id='word_1_150' title='bbox 265 2880 338 2952; x_wconf 84' lang='lat' dir='ltr'>iere</span> <span class='ocrx_word' id='word_1_151' title='bbox 350 2880 565 2953; x_wconf 89' lang='lat' dir='ltr'>ordiendum</span> <span class='ocrx_word' id='word_1_152' title='bbox 575 2895 661 2953; x_wconf 87' lang='lat' dir='ltr'>erat.</span> <span class='ocrx_word' id='word_1_153' title='bbox 678 2887 707 2953; x_wconf 89' lang='lat' dir='ltr'>J.</span> <span class='ocrx_word' id='word_1_154' title='bbox 719 2886 763 2954; x_wconf 91' lang='lat' dir='ltr'>G.</span> <span class='ocrx_word' id='word_1_155' title='bbox 776 2880 1017 2968; x_wconf 86' lang='lat' dir='ltr'>Wenrichius,</span> <span class='ocrx_word' id='word_1_156' title='bbox 1028 2880 1066 2949; x_wconf 91' lang='lat' dir='ltr'>in</span> <span class='ocrx_word' id='word_1_157' title='bbox 1083 2876 1261 2974; x_wconf 85' lang='lat' dir='ltr'>illaquam</span> 
     </span>
     <span class='ocr_line' id='line_1_25' title="bbox 263 2988 1259 3086; baseline -0.007 -26"><span class='ocrx_word' id='word_1_158' title='bbox 263 2988 403 3086; x_wconf 89' lang='lat' dir='ltr'>scripsit</span> <span class='ocrx_word' id='word_1_159' title='bbox 432 2991 735 3063; x_wconf 90' lang='lat' dir='ltr'>commentatione</span> <span class='ocrx_word' id='word_1_160' title='bbox 768 2996 824 3061; x_wconf 84' lang='lat' dir='ltr'>De</span> <span class='ocrx_word' id='word_1_161' title='bbox 853 3002 1037 3059; x_wconf 79' lang='lat' dir='ltr'>auctorum</span> <span class='ocrx_word' id='word_1_162' title='bbox 1067 3008 1259 3082; x_wconf 65' lang='lat' dir='ltr'>gracorum</span> 
     </span>
     <span class='ocr_line' id='line_1_26' title="bbox 264 3090 1257 3192; baseline -0.005 -26"><span class='ocrx_word' id='word_1_163' title='bbox 264 3096 475 3168; x_wconf 75' lang='lat' dir='ltr'>versionibus</span> <span class='ocrx_word' id='word_1_164' title='bbox 519 3115 556 3169; x_wconf 87' lang='lat' dir='ltr'>ct</span> <span class='ocrx_word' id='word_1_165' title='bbox 584 3101 847 3170; x_wconf 82' lang='lat' dir='ltr'>commentariis</span> <span class='ocrx_word' id='word_1_166' title='bbox 878 3098 1045 3192; x_wconf 77' lang='lat' dir='ltr'>syriacis,</span> <span class='ocrx_word' id='word_1_167' title='bbox 1082 3090 1257 3180; x_wconf 80' lang='lat' dir='ltr'>arabicis,</span> 
     </span>
     <span class='ocr_line' id='line_1_27' title="bbox 262 3203 1257 3306; baseline -0.002 -33"><span class='ocrx_word' id='word_1_168' title='bbox 262 3208 476 3277; x_wconf 76' lang='lat' dir='ltr'>armeniacis</span> <span class='ocrx_word' id='word_1_169' title='bbox 484 3209 704 3306; x_wconf 82' lang='lat' dir='ltr'>persicisque</span> <span class='ocrx_word' id='word_1_170' title='bbox 722 3206 882 3305; x_wconf 83' lang='lat' dir='ltr'>(Lipsiae,</span> <span class='ocrx_word' id='word_1_171' title='bbox 902 3203 1027 3301; x_wconf 70' lang='lat'>⁴842),</span> <span class='ocrx_word' id='word_1_172' title='bbox 1042 3226 1084 3275; x_wconf 86' lang='lat' dir='ltr'>ea</span> <span class='ocrx_word' id='word_1_173' title='bbox 1100 3215 1257 3289; x_wconf 76' lang='lat' dir='ltr'>munim,</span> 
     </span>
     <span class='ocr_line' id='line_1_28' title="bbox 261 3311 1256 3414; baseline -0.006 -31"><span class='ocrx_word' id='word_1_174' title='bbox 261 3313 336 3383; x_wconf 95' lang='lat' dir='ltr'>imo</span> <span class='ocrx_word' id='word_1_175' title='bbox 350 3337 425 3384; x_wconf 93' lang='lat' dir='ltr'>non</span> <span class='ocrx_word' id='word_1_176' title='bbox 440 3315 575 3403; x_wconf 87' lang='lat' dir='ltr'>omnia,</span> <span class='ocrx_word' id='word_1_177' title='bbox 595 3340 674 3413; x_wconf 84' lang='lat' dir='ltr'>quae</span> <span class='ocrx_word' id='word_1_178' title='bbox 685 3315 782 3414; x_wconf 89' lang='lat' dir='ltr'>apud</span> <span class='ocrx_word' id='word_1_179' title='bbox 790 3316 1026 3387; x_wconf 84' lang='lat' dir='ltr'>Assemanum</span> <span class='ocrx_word' id='word_1_180' title='bbox 1038 3311 1256 3409; x_wconf 82' lang='lat' dir='ltr'>legebantur,</span> 
     </span>
     <span class='ocr_line' id='line_1_29' title="bbox 262 3418 478 3518; baseline 0.019 -29"><span class='ocrx_word' id='word_1_181' title='bbox 262 3418 478 3518; x_wconf 88' lang='lat' dir='ltr'>compilavit.</span> 
     </span>
    </p>
   </div>
   <div class='ocr_carea' id='block_1_3' title="bbox 0 0 1388 4776">
    <p class='ocr_par' dir='ltr' id='par_1_3' title="bbox 0 0 1388 4776">
     <span class='ocr_line' id='line_1_30' title="bbox 0 0 1388 4776; baseline 0 6"><span class='ocrx_word' id='word_1_182' title='bbox 0 0 1388 4776; x_wconf 95' lang='lat' dir='ltr'> </span> 
     </span>
    </p>
   </div>
  </div>
 </body>
</html>
