2768 4776
576 333 772 402 ...38-

175 480 249 549 vult
271 481 459 564 Sure'rzum,
487 477 622 573 absque
647 477 719 549 ulla
744 479 902 568 ratione,
929 502 1008 548 mea
1026 478 1177 574 quidem

173 588 369 676 sententia,
398 589 473 658 imo
498 603 625 682 contra
649 612 795 659 omnem
819 589 1008 660 rationem.
1032 588 1177 658 Etenim

175 701 210 766 l⁰
233 696 348 767 codex
371 710 493 766 noster
518 693 598 766 libri
616 689 932 785 Kitub-et-Fitrrut
951 695 1091 793 (suppl.
1120 719 1174 765 ar.

176 806 294 891 llud,
311 802 373 874 sol.
387 802 579 898 90)habet,
596 819 635 874 ut
646 804 878 900 Hottingerus
891 802 1038 898 legerat,
1054 806 1179 874 Suria·

174 937 251 981 nos.
283 917 320 985 2⁰
349 912 483 982 Montio
509 907 590 1008 'quae
616 911 773 1006 injicitur
797 909 947 983 celebris
972 911 1179 1009 interpretis

173 1021 283 1116 labjae
302 1020 373 1092 ben
392 1021 457 1092 Adi
473 1036 573 1093 certo
589 1023 720 1093 certius
743 1021 878 1093 indicat
894 1022 954 1094 hic
971 1023 1027 1119 agi
1042 1021 1089 1092 de
1110 1022 1178 1118 Sy-

174 1130 264 1201 riani
287 1130 548 1201 commentario
574 1131 610 1199 in
635 1127 767 1200 librum
791 1127 817 1219 β’
838 1129 1176 1227 Metupbysicorum.

175 1236 371 1324 Quomodo
406 1250 525 1308 autem
559 1235 753 1308 translator
784 1234 869 1326 ille,
902 1237 965 1332 qui
998 1235 1127 1308 saeculo
1156 1263 1179 1305 x

174 1343 335 1432 vivebat,
360 1344 550 1440 grecisque
569 1342 776 1415 auctoribus
795 1342 1051 1415 transferendis
1071 1342 1182 1416 unice

175 1477 324 1550 operam
342 1451 460 1538 dedit,
480 1451 628 1523 chaldaei
649 1465 686 1522 et
704 1450 850 1522 obscuri
866 1452 1025 1522 hominis
1047 1452 1181 1548 scripta

175 1559 348 1632 vertenda
371 1559 607 1656 suscepisset?
634 1563 802 1631 Ceterum
826 1559 1089 1631 llobammedis
1111 1557 1181 1629 lbn

175 1668 280 1740 Isbak
293 1667 402 1739 verba
418 1666 712 1763 Djemaleddinus
728 1668 930 1764 exscripsit,
952 1666 1050 1737 unde
1068 1669 1184 1736 Wen-

176 1775 308 1847 richius
340 1799 383 1846 ea
411 1776 585 1872 sumpsit,
623 1789 730 1870 atque
764 1775 810 1847 ad
843 1776 1031 1870 syrianum
1064 1773 1183 1872 probe

178 1882 326 1953 retulit¹.
1182 1896 1184 1901 '

226 1993 354 2060 Praeter
369 1989 589 2087 patriarchas
603 1990 841 2077 nestorianos,
860 1991 922 2086 qui
936 2012 1037 2086 paene
1053 2013 1182 2064 omnes

178 2098 429 2169 aristotelicam
446 2096 671 2195 disciplinam
683 2098 924 2192 sectabantur,
947 2096 1079 2183 mtdtos
1091 2098 1182 2171 alios

179 2206 306 2278 doctos
327 2206 423 2276 viros
439 2207 475 2275 in
501 2205 568 2279 hac
599 2221 694 2280 secta
720 2207 935 2305 reperimus,
965 2209 1057 2277 inter
1088 2231 1183 2303 quos

179 2315 374 2411 quemdam
393 2313 537 2403 Dcnha,
566 2317 628 2413 qui
651 2317 745 2387 circa
772 2340 909 2387 annum
928 2317 999 2388 tto
1015 2313 1177 2406 vivebat,

179 2438 214 2494 et
228 2428 285 2494 cui
298 2423 480 2518 catalogus
497 2422 673 2518 Ebedjesu
689 2424 783 2496 inter
797 2424 865 2494 alia
881 2447 992 2519 opera
1012 2423 1179 2494 adscribit

340 2584 585 2642 Commentarium
597 2585 628 2641 in
640 2583 816 2642 dialecticam

340 2674 501 2731 Aristotelis
512 2674 609 2752 magni
618 2673 638 2728 ¹.

181 2813 303 2886 Codex
345 2810 442 2882 unde
486 2816 698 2882 Assemanus
749 2811 934 2910 descripsit
982 2812 1186 2911 catalogum

182 2918 359 3014 Ebedjesu
376 2917 566 2989 exhibebat
585 2917 712 2988 Hr'bam
740 2945 805 3017 pro
822 2921 961 2992 Denha.
999 2926 1041 2991 At
1070 2918 1186 2995 multo

181 3025 405 3127 probabilior
428 3041 480 3096 est
505 3026 611 3098 lectio
635 3052 743 3123 quam
769 3043 911 3100 secutus
937 3043 1013 3099 erat
1038 3027 1187 3099 Ecchel·

181 3138 308 3223 lensis,
344 3137 381 3205 in
418 3134 577 3207 editione
612 3136 723 3233 priori
753 3137 905 3234 catalogi
932 3136 1184 3232 Ebedjesuani.

181 3242 409 3315 Wenrichius
438 3243 537 3315 hunc
569 3270 684 3315 unum
714 3259 749 3316 et
779 3245 946 3318 eumdem
978 3258 1079 3344 putat
1103 3268 1188 3314 cum

183 3352 244 3426 lba
274 3352 454 3424 Edesseno
471 3355 492 3421 ³.
533 3355 770 3425 Nominantur
809 3357 915 3426 etiam
948 3355 984 3424 in
1024 3351 1187 3448 catalogo

183 3459 358 3554 Ebedjesu
381 3487 388 3527 :
410 3459 628 3551 Jesudenah,
650 3463 841 3559 episcopus
855 3465 995 3551 Kosrae,
1016 3461 1078 3557 qui
1107 3473 1189 3557 post

183 3592 318 3639 annum
343 3572 415 3640 700
442 3567 606 3654 vivebat,
637 3570 849 3671 scripsitque
888 3568 1017 3666 logicus
1048 3570 1188 3665 exposi-

222 3753 230 3783 ¹
252 3757 295 3808 De
309 3764 382 3807 auct.
394 3771 473 3827 graec.
492 3773 577 3821 vers,
593 3772 622 3828 p.
641 3754 710 3808 287.

223 3842 233 3874 ²
253 3849 379 3912 Assem,
395 3854 415 3896 t.
430 3845 488 3910 111,
505 3861 572 3918 pars
586 3846 614 3909 l,
632 3863 659 3918 p.
678 3845 820 3898 175-176.

223 3930 233 3961 ³
255 3934 297 3986 De
309 3943 383 3986 auct.
397 3949 477 4004 grec.
494 3950 577 4000 vers,
594 3949 623 4006 p.
641 3933 690 3986 ⁰20.
