2768 4776
588 355 778 419 ...Ω-...-

185 488 282 579 lbas,
301 490 488 590 presbyter
510 489 594 560 dein
614 489 802 586 episeopus
818 487 1038 578 Edessenus,
1058 502 1187 558 auctor

183 594 290 692 hujus
301 598 431 668 erroris
441 596 512 668 diei
523 597 755 684 meruit‚tum
769 593 818 666 ob
827 593 1012 692 epistolam
1023 618 1123 666 suam
1135 596 1186 667 ad

184 705 311 775 Marim
327 709 469 777 Persam
489 729 568 802 quae
584 706 685 802 quasi
698 704 961 775 neotericorum
979 701 1187 799 symbolum

185 809 272 902 fuit,
289 827 368 883 tum
385 813 469 909 quia
485 837 630 910 egraeco
648 814 684 883 in
699 811 877 907 syriacum
894 809 1070 882 transtulit
1082 834 1186 882 corn·

186 919 380 990 mentarios
396 918 576 990 Theodori
591 919 853 1016 Mopsuesteni,
874 917 937 1015 qui
953 916 1059 1011 hujus
1084 941 1185 988 erro-

185 1024 233 1095 ris
250 1028 502 1122 antesignanus
518 1024 635 1121 fuitin
652 1027 808 1098 Oriente.

234 1132 343 1219 Quod
358 1147 478 1206 autem
492 1133 539 1205 ad
556 1157 635 1207 rem
650 1148 811 1207 nostram
825 1133 968 1222 attinet,
986 1131 1189 1205 Aristoteles

185 1238 290 1310 simul
315 1264 398 1311 cum
423 1241 628 1315 nestoriana
659 1236 825 1312 doctrina
857 1238 953 1337 apud
986 1238 1189 1311 Edessenos

186 1344 326 1419 civitate
342 1346 498 1433 donatus
515 1362 579 1420 est.
609 1348 773 1443 Etenim,
793 1371 907 1444 quum
930 1370 1057 1418 omnes
1075 1346 1191 1419 eccle·

186 1455 245 1526 siae
260 1456 436 1552 primaevae
455 1455 628 1548 haeretici,
647 1471 726 1529 tum
743 1481 816 1554 prae
834 1456 968 1527 caeteris
988 1456 1191 1529 Nestoriani

187 1563 364 1635 Aristoteli
380 1564 640 1661 impensissime
654 1563 767 1655 dediti
782 1577 896 1635 erant.
910 1563 1099 1634 Haereticos
1115 1563 1190 1635 fere

187 1692 314 1741 omnes
337 1670 444 1767 hujus
467 1671 577 1742 aetatis
593 1669 789 1768 plurimum
816 1669 854 1739 in
870 1667 1054 1741 dialectica
1070 1693 1190 1741 versa·

187 1790 243 1847 tos
257 1777 377 1867 luisse,
392 1792 499 1874 atque
516 1803 537 1850 a
557 1777 628 1849 fide
640 1777 842 1849 orthodoxa
855 1774 1022 1848 seductos
1038 1777 1122 1874 quia
1138 1776 1191 1848 lo·

189 1883 305 1978 gieam
321 1884 516 1956 Aristotelis
529 1886 567 1957 in
582 1884 810 1982 dogmatibus
820 1884 951 1954 Christi
962 1883 1192 1956 enucleandis

188 1995 436 2094 imprudenter
462 1996 631 2069 adhibere
652 1997 871 2086 nitebantur,
898 1995 1013 2095 probe
1037 1996 1189 2068 demon·

189 2118 389 2176 straverunt
426 2107 630 2191 Leunoius¹
657 2122 692 2178 et
718 2112 774 2178 lo.
807 2111 864 2177 Fr.
892 2105 1093 2196 Buddeus’3
1124 2131 1191 2178 nec
1270 2127 1289 2148 “

190 2210 334 2283 aliunde
358 2213 534 2311 originem
553 2212 680 2287 habuit
703 2214 803 2287 furor
826 2213 885 2284 ille
912 2211 1120 2311 disputandi
1146 2211 1207 2296 de„

189 2317 296 2390 rebus
312 2319 536 2416 theologicis,
551 2321 613 2418 qui
627 2321 813 2393 ecelesiam
825 2341 976 2417 graecatn
987 2343 1024 2391 tv
1042 2333 1109 2389 etv
1126 2312 1197 2388 saess

190 2425 284 2507 culo¹
298 2429 472 2526 pervasit,
504 2452 614 2526 quam
632 2453 676 2500 ex
702 2455 768 2503 usu
794 2428 917 2524 logicae
940 2425 1186 2524 peripateticae.

191 2536 353 2623 Etenim,
375 2561 489 2633 quum
506 2536 674 2632 dogmata
693 2536 739 2608 de
756 2537 926 2608 Trinitate
945 2558 987 2609 ac
1009 2533 1055 2606 de
1071 2538 1190 2604 lucar-

192 2645 337 2715 natione
360 2645 470 2716 Verbi
495 2645 624 2718 saeculo
654 2660 753 2716 met
778 2671 816 2716 ιν
846 2647 1012 2735 ineunte,
1042 2668 1086 2716 eo
1113 2643 1193 2741 ipso

192 2765 356 2849 tempore
389 2778 463 2850 quo
496 2752 677 2851 platonica
706 2753 987 2854 philosophandi
1007 2752 1106 2833 ¹ratio
1138 2773 1194 2822 re·

194 2859 346 2956 gnabat,
377 2875 552 2959 concepta
579 2860 746 2951 luissent,
771 2860 835 2933 ubi
863 2860 1068 2933 Aristoteles
1094 2860 1195 2930 inva-

193 2964 279 3056 luit,
300 2993 342 3039 ac
369 2969 485 3066 logica
502 2969 733 3067 peripatetica
759 2993 927 3041 mensura
952 2969 1115 3055 omnium
1143 2990 1198 3055 re·

193 3098 276 3145 rum
311 3075 403 3147 lacta
433 3088 504 3167 est,
535 3072 785 3147 difficultatum
816 3101 915 3173 seges
946 3089 1081 3149 exorta.
1104 3073 1197 3144 Hinc

195 3197 371 3255 sectarum
388 3180 527 3273 inlinita
541 3184 712 3274 nomina,
732 3185 1043 3275 Nestorianorum,
1064 3186 1198 3254 Mono-

195 3289 417 3389 physitarum
429 3347 438 3383 ,
471 3291 809 3383 Monothelitarum,
833 3296 1072 3390 Agnoetarum
1084 3345 1094 3383 ,
1126 3290 1199 3359 Tri·

197 3397 425 3489 theistarum,
445 3401 524 3497 quae
553 3425 681 3472 omnes
706 3426 726 3472 e
749 3399 1039 3472 distinctionibus
1063 3399 1200 3497 peripa-

236 3592 245 3625 ¹
269 3596 311 3647 De
322 3595 402 3648 varia
411 3595 573 3652 Aristotelis
580 3593 712 3670 fortuna,
727 3616 791 3675 cap.
807 3617 841 3652 11.

235 3682 247 3715 ²
266 3684 311 3739 De
321 3681 470 3739 heresibus
482 3705 520 3741 ex
530 3687 708 3763 philosophia
720 3688 892 3743 aristotelica
907 3689 986 3755 ortis,
1000 3685 1077 3742 inter
1097 3682 1200 3742 Obser-

198 3786 253 3830 vat.
268 3775 407 3830 Halenscs
421 3775 504 3846 (anni
519 3777 619 3851 1700),
634 3797 664 3854 p.
681 3779 751 3845 176,
765 3794 829 3853 sqq.
845 3809 886 3822 —
897 3780 971 3835 Rem
984 3775 1146 3834 luculenter
1159 3785 1202 3830 te-

198 3862 260 3942 tigit
268 3882 364 3940 nuper
372 3883 470 3923 coram
479 3865 624 3924 Facultate
633 3865 786 3924 Parisiensi
800 3866 948 3944 disputans
957 3869 1020 3925 Car.
1035 3856 1202 3924 Allemantl·

197 3952 363 4030 Lavigerie,
382 3959 423 4010 De
439 3959 533 4012 l'e'cole
547 3957 632 4013 chre't.
648 3948 796 4029 d'lldesse,
812 3977 840 4034 p.
857 3960 925 4029 tua,
941 3977 1004 4035 sqq.
