2768 4776
592 337 759 407 ..8.-

181 503 200 549 a
214 480 309 574 Syris
322 479 369 550 ad
379 480 509 552 Arabas
525 483 750 553 transmissus
765 482 829 553 suit
841 481 1055 554 Aristoteles.
1069 483 1178 568 Quod

179 588 264 684 quia
290 589 396 686 pauci
422 589 607 678 viderunt,
634 613 742 661 causa
775 588 843 661 fuit
869 588 1038 687 figmenta
1064 589 1178 661 multa

179 695 417 791 excogitandi,
432 696 521 768 dum
535 697 602 768 viri
620 697 718 769 docti
735 721 879 769 causam
891 712 1091 795 quaererent
1103 697 1177 769 for-

179 817 275 874 tunae
296 803 490 876 Aristotelis
512 806 550 874 in
576 806 735 877 Oriente.
763 804 893 878 Arabes
918 807 1016 877 enim
1039 820 1077 877 et
1099 807 1177 902 Syri

180 911 403 985 Aristotelem
421 913 457 982 in
471 911 531 983 illa
544 913 748 984 scholarum
758 938 952 1010 graecarum
965 914 1176 1011 frequentia,

179 1042 255 1088 non
276 1019 458 1116 elegerunt
483 1019 546 1090 sed
575 1036 802 1117 acceperunt.
832 1019 963 1093 Arabes
987 1020 1115 1118 linguae
1143 1035 1180 1091 et

66 1146 69 1151 ¹
179 1123 375 1195 litterarum
392 1149 587 1220 graecarum
607 1123 713 1220 plane
733 1126 854 1215 rudes,
878 1126 998 1198 nullos
1016 1141 1179 1198 auctores

179 1227 382 1302 habuerunt
397 1231 467 1303 nisi
483 1254 574 1328 quos
589 1234 668 1327 Syri
680 1233 766 1330 ipsis
773 1231 983 1306 tradebant:
999 1234 1077 1328 Syri
1092 1255 1179 1304 vero

180 1337 270 1409 nihil
285 1353 415 1437 sponte
431 1364 496 1411 sua
509 1341 547 1409 in
563 1339 685 1413 haere
701 1340 881 1429 fecerunt,
900 1340 963 1413 sed
976 1340 1088 1413 secuti
1097 1355 1180 1410 sunt

182 1447 368 1542 magistros
388 1471 472 1519 suos
484 1470 629 1542 graecos.
651 1450 765 1518 Causa
781 1471 869 1545 ergo
885 1447 1037 1519 fortunae
1050 1447 1181 1517 Aristo·

180 1553 259 1626 telis
274 1570 352 1628 tum
368 1554 465 1654 apud
479 1557 599 1651 Syros,
618 1569 696 1626 turn
712 1555 809 1654 apud
827 1555 970 1644 Arabas,
987 1569 1067 1627 tum
1083 1554 1180 1652 apud

181 1665 411 1758 Byzantinos,
430 1677 506 1733 tum
521 1661 618 1760 apud
631 1662 865 1735 scholasticos
881 1663 1030 1747 latinos,
1048 1662 1094 1732 ad
1110 1663 1177 1732 ho-

179 1770 295 1842 mines
306 1794 438 1869 graecos
446 1795 497 1859 tv,
511 1797 548 1858 v,
559 1795 597 1840 vr
610 1769 727 1842 saeculi
738 1771 926 1844 referenda
935 1785 999 1843 est.
1012 1770 1088 1841 Viri
1096 1770 1180 1841 doc·

180 1877 306 1948 tissimi
335 1878 397 1976 qui
417 1877 548 1948 seholae
571 1877 809 1950 alexandrinae
832 1878 960 1976 placita
977 1876 1179 1949 describere

178 1983 405 2075 studuerunt,
436 1984 550 2083 probe
570 1986 806 2058 ostenderunt
827 2009 902 2084 quo
923 1998 1028 2084 pacto
1054 2009 1077 2056 a
1100 1984 1178 2056 Pla-

179 2104 268 2164 tone
291 2118 376 2165 mox
403 2093 590 2165 desciverit
609 2092 731 2165 schola
750 2092 809 2165 illa
826 2095 946 2192 potius
962 2092 1179 2191 pseudopla-

179 2201 302 2272 tonica
334 2225 443 2299 quam
477 2201 747 2300 neoplatouica,
781 2217 818 2274 et
849 2201 980 2299 quibus
1011 2198 1178 2297 gradibus

182 2307 399 2400 Aristoteles,
424 2309 542 2406 primo
563 2323 602 2380 ut
624 2309 755 2409 logicus
769 2309 914 2406 aequalis
937 2309 1102 2404 magistro
1123 2305 1177 2376 di·

181 2417 281 2504 vine,
301 2415 385 2488 dein
398 2418 561 2516 superior
572 2418 735 2505 evaserit,
754 2417 854 2515 quod
872 2417 909 2487 in
921 2416 1177 2488 doctrinaPor·

180 2523 314 2622 phyrii,
350 2525 547 2614 Ammonii,
578 2523 777 2616 Plutarchi,
799 2525 998 2612 Themistii,
1012 2523 1175 2623 Syriam,

182 2631 312 2720 Procli,
342 2633 531 2722 Damascii,
555 2631 727 2728 Simplicii
749 2632 872 2704 videre
896 2648 949 2704 est
960 2636 981 2722 ¹,
1001 2632 1064 2729 qui
1079 2643 1179 2703 tanto

182 2751 244 2808 aut
268 2737 408 2809 meliori
429 2739 510 2834 jure
538 2741 758 2837 peripatetici
778 2766 888 2838 quam
914 2740 1086 2838 platonici
1109 2738 1180 2810 dici

181 2843 329 2917 debent.
340 2851 432 2936 Hoc,
444 2862 484 2918 ut
496 2849 639 2946 opinor,
652 2850 789 2946 primus
801 2849 894 2920 bene
905 2849 1039 2920 viditv.
1052 2847 1099 2918 cl.
1115 2850 1181 2917 Ra-

181 2952 392 3027 vaissonius.
412 2959 601 3054 Perperam
616 2955 701 3028 olim
717 2956 931 3028 credebatur
942 2952 1176 3042 Aristotelem,

181 3076 265 3158 post
280 3061 427 3134 brevem
447 3065 485 3134 in
507 3069 624 3160 Lyceo
645 3063 905 3162 discipulorum
927 3065 1069 3152 seriem,
1086 3060 1178 3131 obli·

181 3170 289 3242 vione
307 3171 510 3244 demersum
530 3172 657 3261 fuisse,
681 3171 813 3260 donec,
827 3170 1056 3270 philosophia
1069 3169 1181 3242 veteri

182 3276 410 3370 labefactata,
434 3280 554 3352 studio
578 3280 815 3352 barbarorum
832 3280 1025 3353 hominum
1052 3279 1181 3350 clarior

181 3388 418 3459 revivisceret.
437 3391 540 3459 Nunc
560 3411 648 3458 vero
673 3389 804 3459 scimus
821 3386 1014 3460 Aristotelis
1030 3387 1181 3457 auctori·

181 3508 292 3565 tatem
305 3519 492 3592 nunquam
510 3495 606 3593 apud
623 3498 788 3592 antiquos
801 3496 959 3593 periisse,
978 3508 1039 3564 aut
1053 3492 1180 3564 saltem

181 3602 231 3673 ita
243 3602 457 3693 refloruisse,
470 3619 639 3699 vergente
655 3603 701 3675 ad
719 3628 887 3676 occasum
905 3601 1027 3674 schola
1039 3601 1180 3675 alexan·

180 3708 300 3801 drina,
312 3724 353 3783 ut
363 3709 566 3783 scholastici
575 3709 664 3782 nihil
674 3713 711 3782 in
726 3736 767 3783 ea
779 3737 818 3786 re
828 3710 1040 3784 novandum
1049 3708 1181 3782 habuc

220 3853 230 3887 ¹
250 3853 298 3918 Εἰς
310 3853 358 3924 τὴν
371 3852 504 3931 θειοτέραν
517 3853 670 3934 φιλοσοφίαν
683 3853 819 3932 ἐξώρμησε
833 3852 881 3922 τὴν
896 3850 1090 3930 Ἀρισέοτέλους
1103 3856 1179 3927 (Da-

181 3942 317 4015 mascius‚
332 3942 362 4001 in
376 3941 436 4002 vita
448 3943 569 4016 Isidori,
585 3964 615 4024 p.
634 3947 704 4017 122,
720 3945 789 4004 edit.
804 3942 862 4003 Did
892 3949 913 4018 ).
