2768 4776
589 353 792 420 ..5-.

172 525 285 597 quum
298 524 440 570 mecum
451 498 640 569 considero
655 521 781 568 omnes
799 497 871 567 lere
883 497 950 566 hos
964 495 1074 566 libros
1086 495 1172 593 phy-

171 609 248 698 sici,
268 607 395 704 magici
413 621 475 679 aut
487 605 690 702 astrologici
704 605 905 701 argumenti
921 602 1045 694 lirisse,
1060 627 1171 703 porro

173 714 357 786 Nabataeos
374 714 497 786 solitos
511 713 616 786 fuisse
628 713 779 802 Adamo,
795 716 933 784 Noemo
950 711 1098 809 aliisque
1112 733 1173 808 pa-

173 823 338 894 triarchis
355 822 466 894 libros
478 821 683 911 attribuere,
698 820 993 918 deniqueamnes
1009 834 1174 891 auctores

172 955 247 1002 uno
287 955 350 1002 ore
385 930 578 1028 praedicare
605 927 643 998 id
674 929 854 1026 peculiare
885 928 990 998 luisse
1019 927 1173 1000 dialecto

172 1037 422 1110 Nabataeorum
439 1051 479 1107 ut
503 1036 626 1108 litterae
649 1035 844 1131 gutturales
866 1037 958 1106 inter
983 1060 1022 1106 se
1045 1036 1082 1106 in
1105 1059 1173 1106 usu

170 1147 377 1245 promiscuo
394 1159 531 1234 essent3
551 1143 729 1240 simulque
742 1142 989 1214 animadverto
1001 1143 1076 1214 hcc
1091 1165 1175 1214 om-

170 1252 232 1323 nia
255 1251 345 1323 mire
360 1253 556 1323 convenire
572 1251 703 1347 linguae
726 1265 763 1322 et
783 1251 817 1321 ei
836 1273 915 1347 quae
937 1264 1098 1348 superest
1119 1249 1175 1320 lit-

171 1374 336 1432 teraturae
352 1358 578 1448 Sabaeorum,
596 1359 667 1431 alio
691 1359 840 1430 nomine
865 1358 1044 1430 dictorum
1061 1362 1173 1429 Nazo·

172 1490 339 1558 raeorum,
369 1468 645 1558 Mendaitarum,
676 1484 761 1555 etc,
783 1467 842 1538 vix
866 1490 888 1538 a
907 1490 966 1539 me
983 1469 1174 1564 impetrare

170 1598 318 1672 possum
348 1576 436 1671 quin
460 1590 558 1646 certo
582 1572 769 1645 adfirmem
793 1573 924 1670 scripta
943 1571 1002 1644 illa
1025 1596 1105 1670 quae
1122 1573 1175 1643 di-

171 1696 302 1752 cuntur
317 1681 568 1754 Nabataeorum
584 1684 737 1780 priscam
754 1681 861 1752 fuisse
875 1697 910 1752 et
923 1682 1115 1778 genuinam
1124 1680 1176 1752 lit·

172 1804 367 1864 teraturam
383 1792 569 1884 Syrorum,
586 1804 693 1886 atque
708 1789 803 1860 hanc
819 1813 932 1885 usque
949 1788 995 1860 ad
1013 1803 1175 1860 nostram

173 1911 312 1968 aetatem
327 1896 475 1968 durasse
491 1898 528 1967 in
546 1911 643 1969 secta
660 1901 922 1986 Nazoraeorum,
939 1920 1020 1994 quae
1037 1898 1174 1968 utinam

174 2003 360 2075 maturiori
391 2006 546 2076 examini
573 2003 825 2100 subjiciatura
854 2005 940 2075 viris
968 2004 1085 2076 doctis
1114 2006 1175 2100 qui

173 2109 271 2181 hisee
289 2111 414 2183 studiis
428 2135 577 2210 operam
596 2108 720 2189 dant¹l
741 2116 917 2200 Attamen,
935 2110 1108 2207 quoniam
1125 2110 1175 2182 lit·

175 2230 257 2289 terae
274 2217 342 2291 illae
358 2219 547 2317 proprium
572 2244 707 2291 nomen
732 2218 801 2290 sibi
821 2218 1021 2308 vindicant,
1040 2218 1175 2314 absque

173 2328 330 2414 ratione,
354 2340 394 2396 ut
417 2327 507 2399 mihi
525 2327 678 2417 videtur,
698 2325 745 2396 ad
762 2329 870 2422 Syros
896 2350 988 2423 quos
1004 2349 1173 2396 vocamus

174 2433 394 2525 referantur,
422 2436 624 2531 rectiusque
653 2433 847 2505 dicendum
877 2448 986 2532 puto,
1015 2428 1172 2526 neglecta

174 2537 234 2610 illa
251 2541 363 2612 veteri
380 2539 608 2642 philosophia
626 2539 782 2629 ethnica,
800 2542 934 2612 litteras
954 2538 1050 2640 apud
1068 2541 1174 2636 Syros

175 2670 251 2718 non
268 2663 373 2719 antea
386 2648 487 2720 initia
500 2649 635 2747 cepisse
648 2673 758 2746 quam
770 2649 953 2728 christiani
968 2647 1051 2721 facti
1062 2651 1171 2720 sunt².

175 2758 274 2827 'l'unc
298 2756 416 2828 versio
443 2781 522 2854 quae
544 2758 704 2831 Peschito
730 2757 921 2855 (simplex)
940 2757 1082 2846 dicitur,
1110 2757 1176 2827 fuit

176 2863 352 2954 conlecta,
371 2865 465 2936 circa
481 2889 619 2937 annum
637 2871 726 2955 2003
746 2881 833 2937 tunc
850 2866 1065 2937 Bardesaues
1082 2879 1177 2935 utra·

176 2994 247 3067 que
258 2970 377 3068 lingua
388 2994 498 3069 graeca
518 2989 553 3044 et
567 2975 702 3071 syriaca
715 2981 955 3071 φιλοσοφούμενα
966 2997 1007 3045 ex
1019 2988 1175 3068 utroque

214 3228 224 3265 ¹
238 3231 301 3286 Imo
310 3227 413 3287 lubens
422 3226 595 3287 crediderim
603 3229 756 3304 quosdam,
766 3230 844 3306 quia
854 3230 999 3290 veteribus
1009 3231 1175 3301 laudantur,

174 3313 258 3373 libras
278 3318 468 3377 chaldeorum
491 3318 528 3376 ad
548 3319 624 3377 banc
645 3331 751 3378 sectam
770 3319 949 3381 referendos.
964 3324 1063 3380 Unum
1082 3324 1177 3380 lacurn

175 3405 343 3466 memorabo
360 3407 545 3480 Bardesanis,
567 3428 654 3486 quem
674 3409 737 3467 erui
755 3429 772 3467 e
790 3409 888 3469 codice
907 3411 999 3468 Musei
1019 3410 1177 3468 Britannici

177 3499 287 3568 14658,
306 3499 337 3556 in
355 3519 414 3576 quo
433 3500 539 3580 legitur
558 3502 752 3581 fragmentum
770 3503 973 3583 astrologicam
987 3501 1067 3579 quod
1082 3521 1119 3559 ex
1132 3502 1177 3560 his

177 3585 257 3646 libris
269 3587 473 3667 depromptum
487 3590 591 3649 dicitur
604 3592 659 3666 (Cf.
675 3595 797 3649 Journal
803 3597 964 3670 Asiatiqae,
975 3592 1175 3671 Apritaaaa).

216 3687 228 3722 ¹
247 3693 341 3749 Moses
354 3690 552 3751 Khorenensis
572 3694 673 3752 asserit
682 3699 835 3754 Romanos
848 3695 962 3755 Edessae
976 3694 1104 3754 scholam
1119 3694 1176 3753 du-

176 3776 280 3867 plicem
300 3779 331 3836 in
352 3799 411 3856 qua
429 3793 490 3838 tum
505 3801 597 3862 graece
617 3797 679 3844 tum
697 3786 808 3864 syriace
826 3785 984 3844 docebatur
1001 3784 1173 3844 condidisse.

176 3871 214 3924 At
227 3867 305 3925 istud
318 3868 355 3928 de
373 3882 503 3949 tempore
521 3891 579 3948 quo
594 3874 697 3953 religio
714 3875 869 3934 christiana
883 3875 945 3953 jam
960 3875 991 3935 iu
1008 3874 1068 3936 istis
1082 3875 1176 3955 regio·

175 3955 261 4017 nibus
272 3958 445 4034 invaluerat,
460 3961 680 4042 intelligendum
692 3976 735 4023 est
748 3968 807 4042 (op.
824 3964 872 4023 eit.
886 3985 916 4045 p.
933 3969 1014 4041 245).
1131 4003 1137 4009 ·
