2768 4776
667 312 909 437 --1lt-⁴

268 520 430 615 catalogo
460 516 662 613 rhythmico
693 514 908 610 scriptorum
939 537 1124 608 syrorum,
1158 537 1273 608 quem

268 628 423 701 confecit
438 656 445 696 :

427 783 527 855 Hibas,
542 785 645 842 Cumas
660 792 688 838 et
700 778 812 838 Probus

427 877 451 930 E
464 891 557 952 graeco
570 871 601 928 in
616 871 760 948 syriacum

425 960 644 1020 Transtulerunt
655 957 745 1016 libros
760 960 989 1015 commentatoris

426 1056 521 1126 Atque
535 1047 695 1107 Aristotelis
709 1046 839 1125 scripta¹.

270 1195 533 1263 commentator
571 1188 630 1260 ille
665 1202 719 1259 est
749 1185 960 1257 Theodorus
997 1190 1272 1283 Mopsuestenus

267 1324 377 1397 quem
394 1298 529 1370 oraculi
554 1298 636 1367 ioco
662 1294 845 1369 habebant
863 1296 953 1391 Syri.
979 1296 1047 1364 Res
1066 1290 1177 1367 dubia
1193 1320 1269 1370 esse

266 1431 342 1478 non
356 1420 488 1504 potest,
505 1428 619 1502 quum
639 1401 785 1475 aliunde
801 1414 941 1475 constet
963 1400 1197 1475 Theodorum
1218 1404 1273 1477 sic

267 1513 485 1612 appeliatum
501 1511 577 1583 κατ’
601 1510 710 1608 ἐξοχῆν
735 1511 832 1609 apud
855 1513 990 1608 Syrm’,
1010 1510 1159 1609 aliisque
1176 1515 1273 1585 testi-

266 1623 397 1693 moniis
422 1621 619 1694 doceamur
635 1618 736 1691 ibam
752 1642 775 1691 a
793 1618 984 1691 Theodoro
1006 1620 1177 1693 translato
1206 1625 1272 1691 In-

267 1732 435 1825 terpretir
451 1751 588 1799 nomen
602 1741 750 1799 nactum
767 1728 870 1798 esse³.

314 1836 385 1922 Qui
403 1859 490 1906 vero
508 1847 592 1905 sunt
608 1832 659 1904 illi
677 1832 751 1904 duo
774 1833 844 1904 lbae
867 1833 1049 1930 adjutores
1064 1835 1269 1932 adscripti?

265 1947 319 2014 De
328 1947 442 2015 Cuma
452 1966 527 2012 non
537 1940 644 2012 aliam
660 1942 882 2012 mentionem
898 1940 996 2039 apud
1011 1943 1270 2041 scriptoresre-

265 2051 379 2149 perio.
394 2048 530 2120 Probus
544 2063 665 2120 autem
674 2050 711 2119 in
726 2072 836 2146 opere
853 2049 900 2120 de
907 2048 1057 2121 historia
1071 2052 1123 2123 rei
1138 2050 1270 2125 littera·
1320 2072 1347 2127 o

265 2159 325 2229 riae
337 2156 507 2246 Arabum,
521 2155 624 2254 quod
636 2171 786 2229 vocatur
796 2156 1109 2247 Kitdb-cl-Filrrrlsr,
1126 2182 1269 2231 memo-

264 2280 376 2355 ratur,
384 2264 506 2363 ibique
514 2278 665 2337 vocatur
673 2290 739 2363 per
748 2265 1266 2364 transpositionemlitterarum

263 2373 466 2444 Ptabrimt
485 2372 623 2445 ibidem
635 2374 703 2471 ipsi
714 2374 924 2447 tribuuntur
933 2373 1215 2473 expositionesin
1226 2372 1267 2442 li·

264 2479 675 2580 broslnterpretationis‚
687 2480 955 2578 analyticorum
967 2482 1125 2581 priorum
1134 2477 1263 2577 (tribus

265 2588 399 2685 modis)
414 2604 450 2660 et
465 2588 753 2686 Sophisticorum
766 2587 1022 2661 Elenchorum.
1042 2590 1130 2677 Quae
1143 2587 1266 2659 omnia

264 2698 410 2794 periisse
429 2695 682 2786 credebantur,
704 2712 900 2794 antequam
921 2698 1065 2771 codices
1085 2698 1124 2768 S.
1149 2696 1268 2769 Mariae

265 2804 448 2875 Nitriensis
472 2803 619 2875 lectioni
657 2804 810 2903 publicae
842 2806 878 2877 in
910 2808 1033 2878 Museo
1060 2806 1266 2877 Britannico

263 2910 440 3010 propositi
455 2925 587 2983 essent.
607 2911 731 2983 Codex
749 2910 856 3008 hujus
870 2911 1096 2985 bibliotheca
1109 2914 1170 3009 qui
1197 2937 1266 2983 nu·

303 3131 312 3164 ¹
333 3136 446 3192 Assem
462 3127 539 3189 aibr.
554 3128 669 3198 orient„
685 3138 708 3184 t.
726 3128 784 3197 111,
805 3130 929 3206 portel,
950 3148 980 3204 p.
998 3128 1099 3187 85-88.
1121 3158 1162 3173 -
1175 3131 1268 3186 Wan-

262 3220 338 3293 rich,
353 3224 399 3278 De
410 3233 488 3280 arcet.
500 3237 582 3297 grac.
599 3217 777 3289 versionibus,
792 3238 822 3296 p.
841 3219 909 3276 130.
926 3249 966 3261 -
979 3220 1137 3296 Perpetem
1148 3216 1267 3275 Hottin-

262 3330 350 3393 gerus
362 3309 461 3369 scribit
477 3334 492 3363 ι
510 3311 660 3381 Cumarum,
674 3305 811 3367 adhibitis
830 3306 915 3367 sociis
928 3305 1005 3365 Hiba
1019 3319 1048 3365 et
1060 3306 1214 3377 Pharuba,
1230 3326 1268 3364 cx

262 3420 357 3480 graeco
382 3398 518 3459 idiomate
543 3398 574 3454 in
596 3398 741 3475 syriacum
772 3396 950 3457 transtulisse
973 3396 1080 3476 scripta
1106 3395 1269 3455 Aristotelis

231 3496 234 3501 ⁴
262 3490 377 3566 aliaque
392 3483 582 3566 ἑρμηνευτικά.
602 3511 616 3536 u
709 3524 711 3529 ·

301 3590 312 3623 ¹
334 3593 444 3646 Assem.
459 3584 535 3644 Ibid.
554 3604 585 3662 p.
604 3587 653 3643 ³0.

301 3689 312 3724 ⁸
331 3687 406 3747 Ibid.
425 3707 455 3765 p.
473 3690 523 3755 85,
540 3697 602 3743 not.

301 3786 422 3849 ⁴Godd.
450 3784 525 3847 Bibl.
553 3799 658 3845 nostra
686 3786 837 3859 Maximae,
869 3789 963 3867 suppl.
992 3788 1073 3849 arab.
1102 3797 1135 3846 11⁰
1165 3785 1266 3857 stou,

261 3880 283 3939 i.
301 3882 338 3939 85
353 3892 396 3953 v0,
416 3880 467 3952 86,
489 3881 526 3937 86
542 3889 584 3937 v⁰.
601 3913 637 3924 -
653 3878 816 3957 Hottinger,
832 3878 906 3937 Bibl.
923 3887 1037 3951 orient,
1055 3901 1085 3959 p.
1103 3881 1174 3953 888,
1192 3879 1264 3949 883,

263 3973 332 4030 230.
