2738 4786
597 346 766 413 ..7.-

184 493 282 565 sonte
300 494 488 590 desumpta
506 505 542 563 et
557 490 706 564 confusa
722 489 830 561 cdere
850 492 994 588 coepit¹3
1015 507 1100 563 tunc
1118 493 1181 564 de·

63 664 72 680 ,
183 602 292 698 nique
311 601 435 699 incipit
447 598 554 696 longa
571 599 678 673 series
693 621 844 696 operum
866 622 946 693 quae
958 600 1036 693 Syri
1052 597 1182 672 abhinc
1223 687 1225 690 ι

182 734 296 804 usque
319 709 365 781 ad
389 723 550 781 nostram
573 720 713 779 aetatem
731 705 898 803 populari
921 705 1042 800 lingua
1068 706 1104 776 in
1124 705 1180 778 lu·

182 839 261 887 cern
277 816 437 914 proferre
454 840 529 887 non
543 814 766 887 destiterunt.

232 927 282 994 Ex
298 924 354 996 his
379 938 529 1020 apparet
549 946 613 993 cur
634 919 757 991 litterae
780 921 969 1013 Syrorum,
995 919 1118 1016 quales
1135 921 1181 992 ad

182 1054 249 1102 nos
274 1030 400 1103 delatae
418 1042 516 1116 sunt,
544 1029 695 1099 omnino
714 1049 869 1122 graecum
889 1041 924 1096 et
947 1028 1181 1102 christianum

181 1163 254 1234 prae
269 1162 307 1208 se
322 1138 438 1206 ferant
453 1135 633 1223 colorem,
651 1135 701 1207 ita
718 1147 759 1204 ut
773 1133 887 1229 Syria,
901 1134 1009 1206 etiam
1026 1134 1086 1207 illa
1101 1159 1181 1232 quae

181 1246 316 1338 syriace
338 1242 563 1338 loquebatur,
582 1241 770 1340 provincia
792 1238 985 1336 byzantina
1002 1240 1177 1314 videatur.

182 1355 282 1421 Artes
307 1351 474 1447 utrinque
498 1349 685 1422 simillimae
706 1362 811 1438 sunt3
834 1348 916 1420 vide
932 1348 1045 1423 modo
1066 1351 1181 1448 pictu-

183 1478 238 1526 ras
253 1457 409 1553 insignes
425 1457 559 1531 codicis
577 1456 728 1529 Medicei
744 1479 833 1553 quas
849 1455 1007 1528 Evodius
1024 1461 1180 1532 assema-

182 1587 248 1634 nus
260 1588 328 1636 aere
339 1565 548 1637 incidendas
558 1565 725 1637 curavit².
739 1569 910 1635 Auctores
923 1563 1058 1661 recepti
1070 1564 1179 1639 iidem

178 1686 277 1762 sunt,
305 1698 437 1771 nempe
461 1677 581 1745 Patres
602 1671 758 1744 ecclesiae
774 1694 893 1767 graecae
909 1671 1044 1767 syriace
1062 1674 1176 1762 versi;

177 1782 428 1853 controversiae
442 1781 590 1870 eaedem,
603 1780 755 1853 haereses
770 1778 917 1854 eaedem.
936 1779 1065 1853 Evenit
1081 1781 1178 1855 enim

179 1902 217 1958 ut
233 1903 335 1960 sectae
352 1914 431 1985 quaa
448 1903 535 1960 ortae
553 1888 652 1985 apud
669 1891 813 1960 Graecos
832 1886 1014 1959 fortunam
1031 1885 1178 1962 brevem

178 1997 214 2065 in
231 1997 340 2067 natali
357 1996 435 2067 solo
457 1996 681 2084 habuerunt,
700 1995 796 2093 apud
820 1997 928 2090 Syros
943 1995 1033 2066 mire
1048 2021 1179 2094 propa·

178 2118 265 2197 gatae
288 2128 329 2175 ac
356 2119 574 2176 conservatae
596 2106 686 2195 sint3
718 2105 768 2175 ita
795 2117 835 2175 ut
860 2103 933 2175 fere
960 2103 1007 2174 ad
1037 2119 1177 2177 aetatem

178 2224 339 2282 nostram
350 2210 447 2309 apud
456 2214 564 2308 Syros
575 2210 783 2282 duraverint
793 2211 981 2306 opiniones
991 2235 1071 2306 quae
1080 2212 1177 2308 apud

177 2319 319 2390 Graecos
339 2319 468 2391 saeculo
491 2342 566 2390 nno
585 2316 737 2414 amplius
755 2317 910 2413 spatium
932 2317 1077 2389 vivendi
1102 2344 1176 2389 non

176 2425 393 2500 hahuerunt.
421 2428 479 2499 Sic
509 2425 752 2522 Eutychianus
780 2449 843 2498 seu
871 2424 1178 2521 monophysiticus

177 2557 277 2604 error
290 2536 387 2634 apud
400 2534 578 2607 Jacobitas
594 2558 658 2606 seu
669 2533 896 2623 Severian0s3
909 2532 959 2607 sio
969 2534 1176 2607 Nestoriana

178 2640 306 2736 placita
332 2643 428 2741 apud
452 2642 637 2714 Chaldaeos
663 2664 725 2714 seu
753 2644 861 2737 Syros
886 2641 1094 2731 orientales3
1126 2643 1176 2715 sic

177 2750 490 2824 Monothelitarum
514 2752 684 2847 dogmata
700 2749 798 2848 apud
818 2749 1011 2822 Maronitas
1027 2747 1093 2821 sibi
1116 2774 1176 2823 su·

177 2859 405 2954 pervinerunt
433 2888 441 2929 :
468 2860 507 2930 hi
533 2875 654 2932 tamen
682 2857 812 2931 sacerdo
833 2859 908 2952 jam
936 2875 1174 2933 x111exeunte

176 2990 258 3037 cum
276 2967 423 3039 ecclesia
442 2992 593 3039 romana
609 2991 735 3066 pacem
751 2966 875 3038 iniere.
973 3026 976 3031 .

224 3078 327 3146 Nunc
335 3075 448 3164 vides,
460 3078 499 3145 ni
507 3075 743 3171 fallor,quare
751 3074 977 3146 Aristotelem
989 3087 1175 3170 tantopere

177 3184 255 3277 Syri
279 3183 536 3255 deamaverint.
568 3186 709 3254 Etenim
728 3208 841 3278 quum
862 3185 1035 3277 Syrorum
1058 3183 1175 3255 studia

177 3289 379 3361 studiorum
387 3314 585 3387 graecorum
595 3288 889 3387 qualiavigebant
898 3289 1026 3360 saeculo
1037 3315 1074 3360 ιν
1083 3289 1174 3362 velv

175 3397 418 3494 planefaciem
437 3398 607 3487 reserant,
620 3396 827 3469 Aristoteles
836 3396 922 3494 ipsis
938 3394 1175 3495 philosophus

172 3503 364 3600 κατ’ἐξοχήν
382 3530 457 3576 non
477 3529 553 3576 esse
570 3527 646 3574 non
656 3504 787 3602 potuit.
808 3502 979 3575 AGraecis
991 3501 1037 3577 ad
1053 3506 1173 3600 Syme,

214 3674 223 3707 ¹
245 3675 343 3732 Graece
353 3685 382 3730 et
393 3672 503 3750 syriace
516 3672 663 3751 scripsisse
681 3672 874 3731 Bardesanem
888 3669 991 3750 probat
1004 3675 1039 3730 Α.
1057 3673 1176 3732 Gallen-

175 3759 251 3834 dius,
265 3761 342 3821 Bibl.
359 3776 410 3818 vet.
421 3774 536 3839 patrum
548 3784 592 3841 gr.
611 3767 676 3833 lat,
692 3775 714 3824 t.
729 3765 755 3838 1,
771 3761 884 3840 Proieg.
896 3780 926 3840 p.
943 3781 1066 3821 cxxxur.

213 3851 225 3884 ²
247 3851 292 3910 Ad
308 3853 415 3912 calcem
436 3857 565 3932 catalogi
576 3857 659 3911 codd.
676 3854 774 3910 orient.
792 3853 858 3911 bibl.
872 3855 953 3911 Med.
966 3857 1174 3925 Laurentiano,

175 3959 261 4018 quem
276 3942 337 4018 ipse
350 3942 482 4003 conserit.
