2768 4776
668 333 862 402 ...50-

257 475 421 571 syllogen
440 482 570 570 γνώμων
591 477 778 568 μονοστίχων
799 475 818 550 ἢ
837 471 1001 567 immor,
1021 473 1067 545 ab
1087 473 1161 545 illis
1177 498 1269 571 quas

263 608 376 682 graece
385 583 452 654 sub
462 583 573 680 ipsius
586 581 736 659 nomine
750 580 977 680 possidemus
986 581 1139 654 omnino
1156 580 1270 654 diver·
1337 643 1340 647 ,

262 715 362 780 sam;
393 697 429 764 2⁰
453 689 560 763 eliam
581 689 839 761 sententiarum
862 687 1023 785 syllogen
1047 694 1271 761 Pernaconn

263 799 454 888 tributam,
482 812 590 894 atque
616 795 662 867 ab
692 820 838 893 eaquae
867 800 978 892 χρύσεα
1007 802 1067 872 ἔπη
1100 797 1271 894 inscripta

261 921 314 978 est
327 905 519 993 diversam,
534 928 607 1001 qua
621 902 768 974 fortasse
785 897 873 998 ’ἱερὸς
882 905 974 998 λόγος
995 925 1058 975 seu
1079 908 1153 995 ssepi
1167 907 1269 994 Θέων,

262 1011 363 1108 quod
388 1012 535 1109 periisse
561 1008 787 1099 credebatur,
814 1021 975 1079 servatus
1001 1023 1071 1098 est3
1100 1012 1138 1080 3⁰
1163 1008 1272 1081 aliam

262 1117 421 1215 syllogen
448 1118 499 1191 sic
526 1116 764 1214 inscriptam:
797 1114 957 1187 Consiliis
983 1122 1123 1206 Arnao,
1147 1117 1274 1214 philo-

261 1227 414 1324 soptaee
430 1225 551 1298 schole
564 1224 790 1322 Pythagorae.
811 1222 876 1297 Illa
889 1246 977 1295 vero
994 1223 1072 1297 sine
1088 1224 1201 1298 dubio
1219 1242 1273 1299 est

262 1333 495 1416 celeberrima
523 1336 680 1420 Turtam
716 1331 818 1426 cujus
850 1331 1000 1403 nomine
1031 1333 1128 1405 varin
1160 1358 1274 1432 opera

262 1441 480 1515 sententiosa
496 1454 533 1511 et
551 1437 702 1513 moralia
723 1436 1067 1515 circumferebantur
1082 1440 1186 1538 'apud
1207 1467 1274 1514 ve-

183 1608 188 1617 .
245 1552 377 1621 teres:
393 1548 470 1619 haec
482 1562 603 1625 autem
616 1568 764 1645 prorsus
777 1569 874 1617 nova
886 1561 991 1636 suut;
1014 1548 1051 1618 4⁰
1064 1549 1273 1622 versionem

262 1656 435 1734 orationis
452 1652 674 1753 paraeneticae
694 1651 859 1725 Isocratis
876 1652 924 1728 ad
947 1654 1198 1729 Demonicum.
1218 1660 1272 1726 De

262 1758 319 1837 bis
336 1762 468 1855 fusius,
497 1759 560 1832 sed
586 1782 663 1829 non
687 1773 726 1829 ut
757 1783 820 1855 par
850 1773 947 1846 erat,
975 1759 1031 1855 egi
1054 1763 1091 1831 in
1117 1762 1274 1837 Journal

263 1991 293 2048 p.
318 1971 388 2043 220)
409 1968 545 2047 opinatur
559 1966 754 2046 Theophilum
773 1965 953 2025 transtulisse
973 1966 1058 2027 libros
1071 1971 1142 2027 duos
1160 1967 1272 2049 priores

262 2057 376 2129 Iliadis;
390 2076 456 2134 quae
467 2055 610 2114 sententia
621 2073 739 2133 prorsus
752 2053 909 2127 rejicienda
922 2067 976 2128 est,
984 2055 1090 2114 multas
1102 2054 1221 2134 quidem
1234 2056 1274 2115 ob

264 2147 400 2222 rationes,
412 2145 557 2224 praecipue
564 2163 637 2203 vero
646 2144 780 2220 quiavox
787 2143 874 2201 Kitob
885 2163 944 2220 qua
955 2144 1044 2203 utitur
1057 2143 1274 2226 hbnllaragius‚

263 2251 413 2313 nunqnam
420 2235 517 2314 operis
524 2234 609 2293 unius
615 2232 1090 2312 pertem(cnisensuiexprimendo
1098 2254 1157 2294 vox
1164 2237 1277 2292 mel-ola

263 2326 379 2386 arabice
385 2323 670 2403 inservit),sedopus
680 2324 827 2404 integrum
836 2318 1167 2402 designat.Villoisonius
1176 2339 1277 2385 contra

263 2418 407 2492 (Prolegg.
420 2417 463 2471 od
480 2419 643 2486 Homerum,
659 2434 690 2492 p.
706 2416 757 2483 ta,
774 2416 849 2487 not.)
862 2423 961 2471 censet
977 2431 1031 2490 per
1045 2411 1195 2486 litabayni
1206 2414 1278 2474 ilia-

264 2499 331 2563 dim
343 2516 373 2563 et
386 2503 545 2582 Odysseam
559 2502 716 2581 designari,
730 2520 796 2579 quae
809 2519 900 2579 quum
912 2499 969 2558 nisi
982 2499 1072 2559 fando
1080 2519 1279 2581 ⁴cognosceret
1345 2569 1347 2572 ,

264 2593 482 2672 hbullaragius,
497 2593 574 2651 circa
595 2591 742 2650 excidium
760 2592 853 2665 Trojae
873 2588 1132 2669 versaricredidit.
1155 2592 1278 2653 Bnhlius

267 2682 312 2758 (in
329 2684 433 2740 comm.
453 2702 509 2737 soc.
528 2701 586 2758 reg.
604 2684 738 2758 Goettr'ng.
755 2681 815 2738 vol.
831 2683 889 2757 xl,
909 2678 1052 2765 l'llll‚.p.v
1068 2683 1146 2753 220,
1166 2695 1227 2744 not.
1244 2691 1278 2758 c)

264 2772 400 2848 opinatur
409 2768 630 2848 hbullaragium¹
641 2782 691 2827 ant
702 2770 845 2828 incertum
855 2771 937 2849 vulgi
946 2790 1095 2831 rumorem
1104 2772 1144 2830 de
1157 2777 1278 2838 Homeri
1361 2772 1368 2789 ²

264 2858 356 2923 Iliade
369 2858 490 2935 ejusque
503 2857 639 2916 versione
653 2859 765 2935 syriaca
778 2873 910 2919 secutum
925 2880 1005 2935 esse3
1023 2874 1075 2921 aut
1086 2861 1178 2921 luisse
1186 2860 1276 2918 libros

264 2947 329 3006 illos
343 2947 438 3007 dcliii
452 2947 567 3006 excidio
582 2967 619 3005 ex
633 2967 735 3005 eorum
749 2967 857 3027 genere
871 2949 923 3026 qui
935 2970 953 3008 a
967 2951 1122 3012 serioribns
1136 2949 1274 3011 literulis

264 3037 411 3115 compilati
436 3041 565 3096 Homero
591 3037 839 3116 supponebantur.
868 3042 933 3119 ligo
957 3062 1049 3115 vero,
1072 3058 1163 3120 qunm
1187 3039 1276 3098 rideo

263 3127 502 3208 hbulfaragium‚
525 3127 675 3187 hominen
703 3128 966 3201 litteratissimum,
992 3152 1085 3211 graece
1111 3143 1140 3191 et
1167 3131 1279 3209 syriace

264 3219 413 3290 scientem,
428 3217 629 3297 librorumque
643 3219 772 3277 maxime
785 3219 946 3294 curiosum,
960 3222 1100 3282 eamdem»
1109 3213 1170 3281 rem
1185 3219 1278 3280 tribus

265 3310 378 3370 vicibus
391 3323 585 3388 repetentem,
601 3309 854 3386 affirmantemque
871 3311 1051 3389 exemplaria
1064 3312 1151 3384 hujus
1166 3312 1278 3369 versio-

264 3402 309 3460 nis
332 3413 447 3459 exstare
472 3400 551 3478 apud
573 3403 680 3478 Syros,
703 3398 865 3457 Villoisonii
888 3399 1060 3459 sententiam
1082 3412 1194 3456 tantum
1218 3411 1280 3459 nnn

264 3504 373 3550 certam
393 3491 566 3570 pronuntio,
591 3503 678 3567 atque
695 3487 774 3547 idem
790 3490 896 3567 opinor
918 3495 1079 3548 Homerum
1097 3488 1129 3544 in
1147 3488 1280 3565 linguam

264 3581 451 3639 vernaculam
467 3583 608 3658 Syrorum
621 3579 710 3638 fuisse
723 3597 914 3649 conversum,v
926 3576 1058 3654 quamvis
1072 3575 1140 3633 hnic
1155 3577 1235 3655 genti
1248 3577 1279 3636 in

266 3667 375 3729 deliciis
389 3668 491 3746 primis
505 3669 593 3727 fuisse
607 3687 666 3726 non
686 3666 832 3727 videatur.
849 3672 893 3724 De
909 3665 975 3724 fatis
993 3663 1117 3723 Homeri·
1133 3677 1161 3722 et
1176 3678 1279 3743 poeta-

266 3775 331 3814 rum
349 3775 510 3835 graecorum
530 3755 608 3834 apud
623 3755 786 3814 orientales
802 3754 893 3812 multa
916 3751 995 3811 dabit
1018 3752 1152 3810 Giinther
1173 3754 1276 3824 wahl,

267 3839 328 3902 Von
344 3848 407 3903 dem
426 3846 570 3904 Schiclral
586 3849 638 3903 des
656 3850 763 3904 Homer
775 3846 837 3901 end
852 3845 960 3898 andree
974 3844 1145 3901 ttasstscmn
1164 3845 1281 3903 Dichter

267 3934 382 3993 beiden
401 3933 529 3992 Arabem
548 3938 611 3992 mid
627 3938 749 3992 Persem
762 3930 995 4010 (unicitas).
