<?xml version="1.0" encoding="UTF-8"?>
<!DOCTYPE html PUBLIC "-//W3C//DTD XHTML 1.0 Transitional//EN"
    "http://www.w3.org/TR/xhtml1/DTD/xhtml1-transitional.dtd">
<html xmlns="http://www.w3.org/1999/xhtml" xml:lang="en" lang="en">
 <head>
  <title>
</title>
<meta http-equiv="Content-Type" content="text/html;charset=utf-8" />
  <meta name='ocr-system' content='tesseract 3.04.00' />
  <meta name='ocr-capabilities' content='ocr_page ocr_carea ocr_par ocr_line ocrx_word'/>
</head>
<body>
  <div class='ocr_page' id='page_1' title='image "./dephilosophiape00renagoog_0015.png"; bbox 0 0 2768 4776; ppageno 0'>
   <div class='ocr_carea' id='block_1_1' title="bbox 597 372 767 437">
    <p class='ocr_par' dir='ltr' id='par_1_1' title="bbox 597 372 767 437">
     <span class='ocr_line' id='line_1_1' title="bbox 597 372 767 437; baseline 0 -15"><span class='ocrx_word' id='word_1_1' title='bbox 597 372 767 437; x_wconf 64' lang='lat' dir='ltr'><strong>..a-</strong></span> 
     </span>
    </p>
   </div>
   <div class='ocr_carea' id='block_1_2' title="bbox 183 525 1189 2335">
    <p class='ocr_par' dir='ltr' id='par_1_2' title="bbox 183 525 1189 2335">
     <span class='ocr_line' id='line_1_2' title="bbox 185 525 1183 617; baseline -0.009 -26"><span class='ocrx_word' id='word_1_2' title='bbox 185 525 354 617; x_wconf 85' lang='lat' dir='ltr'><strong>Syrorum</strong></span> <span class='ocrx_word' id='word_1_3' title='bbox 381 531 495 589; x_wconf 87' lang='lat' dir='ltr'><strong>tractu</strong></span> <span class='ocrx_word' id='word_1_4' title='bbox 523 530 642 588; x_wconf 88' lang='lat' dir='ltr'><strong>ortum</strong></span> <span class='ocrx_word' id='word_1_5' title='bbox 677 529 911 612; x_wconf 87' lang='lat' dir='ltr'><strong>acceperunt;</strong></span> <span class='ocrx_word' id='word_1_6' title='bbox 947 537 1068 612; x_wconf 83' lang='lat' dir='ltr'><strong>graecae</strong></span> <span class='ocrx_word' id='word_1_7' title='bbox 1099 528 1183 584; x_wconf 86' lang='lat' dir='ltr'><strong>sunt</strong></span> 
     </span>
     <span class='ocr_line' id='line_1_3' title="bbox 184 622 1183 724; baseline -0.007 -23"><span class='ocrx_word' id='word_1_8' title='bbox 184 629 313 701; x_wconf 84' lang='lat' dir='ltr'><strong>scholae</strong></span> <span class='ocrx_word' id='word_1_9' title='bbox 332 627 552 724; x_wconf 84' lang='lat' dir='ltr'><strong>Berytensis,</strong></span> <span class='ocrx_word' id='word_1_10' title='bbox 574 624 814 714; x_wconf 76' lang='lat' dir='ltr'><strong>Antiochena3</strong></span> <span class='ocrx_word' id='word_1_11' title='bbox 835 648 947 721; x_wconf 86' lang='lat' dir='ltr'><strong>graeca</strong></span> <span class='ocrx_word' id='word_1_12' title='bbox 963 639 1016 694; x_wconf 93' lang='lat' dir='ltr'><strong>est</strong></span> <span class='ocrx_word' id='word_1_13' title='bbox 1032 622 1183 694; x_wconf 89' lang='lat' dir='ltr'><strong>ecclesia</strong></span> 
     </span>
     <span class='ocr_line' id='line_1_4' title="bbox 184 731 1184 834; baseline -0.007 -26"><span class='ocrx_word' id='word_1_14' title='bbox 184 737 243 809; x_wconf 90' lang='lat' dir='ltr'><strong>illa</strong></span> <span class='ocrx_word' id='word_1_15' title='bbox 259 760 337 834; x_wconf 86' lang='lat' dir='ltr'><strong>quae</strong></span> <span class='ocrx_word' id='word_1_16' title='bbox 350 734 475 832; x_wconf 84' lang='lat' dir='ltr'><strong>lgnatii</strong></span> <span class='ocrx_word' id='word_1_17' title='bbox 486 732 706 831; x_wconf 88' lang='lat' dir='ltr'><strong>Theophori,</strong></span> <span class='ocrx_word' id='word_1_18' title='bbox 717 733 858 822; x_wconf 71' lang='lat' dir='ltr'><strong>tustini,</strong></span> <span class='ocrx_word' id='word_1_19' title='bbox 872 731 1022 820; x_wconf 84' lang='lat' dir='ltr'><strong>Tatiani,</strong></span> <span class='ocrx_word' id='word_1_20' title='bbox 1037 733 1184 802; x_wconf 81' lang='lat' dir='ltr'><strong>ioannis</strong></span> 
     </span>
     <span class='ocr_line' id='line_1_5' title="bbox 185 837 1185 939; baseline -0.007 -25"><span class='ocrx_word' id='word_1_21' title='bbox 185 840 453 939; x_wconf 87' lang='lat' dir='ltr'><strong>Chrysostomi,</strong></span> <span class='ocrx_word' id='word_1_22' title='bbox 472 839 685 938; x_wconf 87' lang='lat' dir='ltr'><strong>Epiphanii,</strong></span> <span class='ocrx_word' id='word_1_23' title='bbox 704 854 739 910; x_wconf 86' lang='lat' dir='ltr'><strong>et</strong></span> <span class='ocrx_word' id='word_1_24' title='bbox 760 853 1010 910; x_wconf 84' lang='lat' dir='ltr'><strong>sexcentorum</strong></span> <span class='ocrx_word' id='word_1_25' title='bbox 1031 837 1185 909; x_wconf 90' lang='lat' dir='ltr'><strong>aliorum</strong></span> 
     </span>
     <span class='ocr_line' id='line_1_6' title="bbox 183 944 1185 1022; baseline -0.007 0"><span class='ocrx_word' id='word_1_26' title='bbox 183 949 291 1022; x_wconf 86' lang='lat' dir='ltr'><strong>laude</strong></span> <span class='ocrx_word' id='word_1_27' title='bbox 307 949 440 1020; x_wconf 87' lang='lat' dir='ltr'><strong>floruit.</strong></span> <span class='ocrx_word' id='word_1_28' title='bbox 454 948 536 1017; x_wconf 89' lang='lat' dir='ltr'><strong>Scio</strong></span> <span class='ocrx_word' id='word_1_29' title='bbox 563 946 659 1017; x_wconf 85' lang='lat' dir='ltr'><strong>viros</strong></span> <span class='ocrx_word' id='word_1_30' title='bbox 676 947 874 1017; x_wconf 88' lang='lat' dir='ltr'><strong>rusticanos</strong></span> <span class='ocrx_word' id='word_1_31' title='bbox 902 959 937 1017; x_wconf 89' lang='lat' dir='ltr'><strong>et</strong></span> <span class='ocrx_word' id='word_1_32' title='bbox 956 944 1086 1015; x_wconf 89' lang='lat' dir='ltr'><strong>idiotas</strong></span> <span class='ocrx_word' id='word_1_33' title='bbox 1111 970 1185 1016; x_wconf 90' lang='lat' dir='ltr'><strong>ara-</strong></span> 
     </span>
     <span class='ocr_line' id='line_1_7' title="bbox 184 1052 1183 1152; baseline -0.005 -23"><span class='ocrx_word' id='word_1_34' title='bbox 184 1058 298 1129; x_wconf 89' lang='lat' dir='ltr'><strong>maice</strong></span> <span class='ocrx_word' id='word_1_35' title='bbox 314 1055 414 1152; x_wconf 91' lang='lat' dir='ltr'><strong>loqui</strong></span> <span class='ocrx_word' id='word_1_36' title='bbox 430 1078 505 1124; x_wconf 92' lang='lat' dir='ltr'><strong>non</strong></span> <span class='ocrx_word' id='word_1_37' title='bbox 524 1052 688 1140; x_wconf 87' lang='lat' dir='ltr'><strong>desiisse,</strong></span> <span class='ocrx_word' id='word_1_38' title='bbox 709 1053 817 1122; x_wconf 92' lang='lat' dir='ltr'><strong>etiam</strong></span> <span class='ocrx_word' id='word_1_39' title='bbox 831 1075 873 1123; x_wconf 88' lang='lat' dir='ltr'><strong>ea</strong></span> <span class='ocrx_word' id='word_1_40' title='bbox 889 1066 1098 1149; x_wconf 80' lang='lat' dir='ltr'><strong>tempestate</strong></span> <span class='ocrx_word' id='word_1_41' title='bbox 1113 1076 1183 1149; x_wconf 89' lang='lat' dir='ltr'><strong>qua</strong></span> 
     </span>
     <span class='ocr_line' id='line_1_8' title="bbox 184 1158 1182 1255; baseline -0.006 -17"><span class='ocrx_word' id='word_1_42' title='bbox 184 1166 365 1237; x_wconf 83' lang='lat' dir='ltr'><strong>hellenicae</strong></span> <span class='ocrx_word' id='word_1_43' title='bbox 382 1177 475 1234; x_wconf 84' lang='lat' dir='ltr'><strong>artes</strong></span> <span class='ocrx_word' id='word_1_44' title='bbox 492 1162 645 1233; x_wconf 84' lang='lat' dir='ltr'><strong>maxime</strong></span> <span class='ocrx_word' id='word_1_45' title='bbox 667 1161 705 1231; x_wconf 90' lang='lat' dir='ltr'><strong>in</strong></span> <span class='ocrx_word' id='word_1_46' title='bbox 726 1158 793 1232; x_wconf 88' lang='lat' dir='ltr'><strong>illis</strong></span> <span class='ocrx_word' id='word_1_47' title='bbox 812 1160 883 1231; x_wconf 91' lang='lat' dir='ltr'><strong>oris</strong></span> <span class='ocrx_word' id='word_1_48' title='bbox 904 1160 1094 1255; x_wconf 84' lang='lat' dir='ltr'><strong>vigebant;</strong></span> <span class='ocrx_word' id='word_1_49' title='bbox 1110 1164 1182 1232; x_wconf 92' lang='lat' dir='ltr'><strong>scio</strong></span> 
     </span>
     <span class='ocr_line' id='line_1_9' title="bbox 184 1271 1184 1364; baseline -0.006 -20"><span class='ocrx_word' id='word_1_50' title='bbox 184 1279 420 1359; x_wconf 82' lang='lat' dir='ltr'><strong>Damascum,</strong></span> <span class='ocrx_word' id='word_1_51' title='bbox 450 1271 524 1341; x_wconf 92' lang='lat' dir='ltr'><strong>scio</strong></span> <span class='ocrx_word' id='word_1_52' title='bbox 549 1273 720 1340; x_wconf 79' lang='lat' dir='ltr'><strong>Beroeam</strong></span> <span class='ocrx_word' id='word_1_53' title='bbox 749 1282 904 1364; x_wconf 92' lang='lat' dir='ltr'><strong>utroque</strong></span> <span class='ocrx_word' id='word_1_54' title='bbox 934 1291 1099 1339; x_wconf 87' lang='lat' dir='ltr'><strong>sermone</strong></span> <span class='ocrx_word' id='word_1_55' title='bbox 1130 1293 1184 1339; x_wconf 92' lang='lat' dir='ltr'><strong>so·</strong></span> 
     </span>
     <span class='ocr_line' id='line_1_10' title="bbox 185 1374 1187 1471; baseline -0.005 -19"><span class='ocrx_word' id='word_1_56' title='bbox 185 1381 322 1468; x_wconf 83' lang='lat' dir='ltr'><strong>uuisse3</strong></span> <span class='ocrx_word' id='word_1_57' title='bbox 335 1378 409 1449; x_wconf 91' lang='lat' dir='ltr'><strong>scio</strong></span> <span class='ocrx_word' id='word_1_58' title='bbox 421 1378 458 1448; x_wconf 93' lang='lat' dir='ltr'><strong>in</strong></span> <span class='ocrx_word' id='word_1_59' title='bbox 471 1375 614 1448; x_wconf 86' lang='lat' dir='ltr'><strong>Galilaea</strong></span> <span class='ocrx_word' id='word_1_60' title='bbox 624 1389 660 1446; x_wconf 87' lang='lat' dir='ltr'><strong>et</strong></span> <span class='ocrx_word' id='word_1_61' title='bbox 672 1374 855 1447; x_wconf 87' lang='lat' dir='ltr'><strong>Palaestina</strong></span> <span class='ocrx_word' id='word_1_62' title='bbox 868 1399 973 1446; x_wconf 90' lang='lat' dir='ltr'><strong>usum</strong></span> <span class='ocrx_word' id='word_1_63' title='bbox 985 1375 1187 1471; x_wconf 88' lang='lat' dir='ltr'><strong>linguarum</strong></span> 
     </span>
     <span class='ocr_line' id='line_1_11' title="bbox 184 1481 1189 1586; baseline -0.004 -28"><span class='ocrx_word' id='word_1_64' title='bbox 184 1487 232 1558; x_wconf 89' lang='lat' dir='ltr'><strong>ita</strong></span> <span class='ocrx_word' id='word_1_65' title='bbox 250 1487 495 1586; x_wconf 91' lang='lat' dir='ltr'><strong>promiscuum</strong></span> <span class='ocrx_word' id='word_1_66' title='bbox 516 1484 622 1555; x_wconf 83' lang='lat' dir='ltr'><strong>fuisse</strong></span> <span class='ocrx_word' id='word_1_67' title='bbox 640 1496 681 1552; x_wconf 90' lang='lat' dir='ltr'><strong>ut</strong></span> <span class='ocrx_word' id='word_1_68' title='bbox 698 1482 826 1580; x_wconf 87' lang='lat' dir='ltr'><strong>aequali</strong></span> <span class='ocrx_word' id='word_1_69' title='bbox 842 1481 915 1552; x_wconf 88' lang='lat' dir='ltr'><strong>fere</strong></span> <span class='ocrx_word' id='word_1_70' title='bbox 930 1483 1005 1554; x_wconf 87' lang='lat' dir='ltr'><strong>acie</strong></span> <span class='ocrx_word' id='word_1_71' title='bbox 1026 1500 1189 1579; x_wconf 86' lang='lat' dir='ltr'><strong>pugnent</strong></span> 
     </span>
     <span class='ocr_line' id='line_1_12' title="bbox 184 1589 1188 1691; baseline -0.002 -27"><span class='ocrx_word' id='word_1_72' title='bbox 184 1594 251 1664; x_wconf 84' lang='lat' dir='ltr'><strong>viri</strong></span> <span class='ocrx_word' id='word_1_73' title='bbox 275 1593 372 1665; x_wconf 87' lang='lat' dir='ltr'><strong>docti</strong></span> <span class='ocrx_word' id='word_1_74' title='bbox 397 1591 619 1691; x_wconf 78' lang='lat' dir='ltr'><strong>disputantes</strong></span> <span class='ocrx_word' id='word_1_75' title='bbox 650 1614 723 1687; x_wconf 92' lang='lat' dir='ltr'><strong>quo</strong></span> <span class='ocrx_word' id='word_1_76' title='bbox 758 1613 925 1661; x_wconf 83' lang='lat' dir='ltr'><strong>sermone</strong></span> <span class='ocrx_word' id='word_1_77' title='bbox 961 1589 1120 1661; x_wconf 87' lang='lat' dir='ltr'><strong>Christus</strong></span> <span class='ocrx_word' id='word_1_78' title='bbox 1153 1606 1188 1662; x_wconf 86' lang='lat' dir='ltr'><strong>et</strong></span> 
     </span>
     <span class='ocr_line' id='line_1_13' title="bbox 185 1699 1186 1802; baseline -0.005 -26"><span class='ocrx_word' id='word_1_79' title='bbox 185 1702 339 1802; x_wconf 85' lang='lat' dir='ltr'><strong>apostoli</strong></span> <span class='ocrx_word' id='word_1_80' title='bbox 355 1700 507 1772; x_wconf 88' lang='lat' dir='ltr'><strong>verbum</strong></span> <span class='ocrx_word' id='word_1_81' title='bbox 523 1699 812 1798; x_wconf 84' lang='lat' dir='ltr'><strong>praedicaverint,</strong></span> <span class='ocrx_word' id='word_1_82' title='bbox 831 1722 1058 1795; x_wconf 87' lang='lat' dir='ltr'><strong>quanquam,</strong></span> <span class='ocrx_word' id='word_1_83' title='bbox 1073 1713 1113 1768; x_wconf 94' lang='lat' dir='ltr'><strong>ut</strong></span> <span class='ocrx_word' id='word_1_84' title='bbox 1132 1699 1186 1771; x_wconf 93' lang='lat' dir='ltr'><strong>di·</strong></span> 
     </span>
     <span class='ocr_line' id='line_1_14' title="bbox 185 1805 1187 1906; baseline -0.002 -26"><span class='ocrx_word' id='word_1_85' title='bbox 185 1833 266 1883; x_wconf 88' lang='lat' dir='ltr'><strong>cam</strong></span> <span class='ocrx_word' id='word_1_86' title='bbox 282 1806 381 1906; x_wconf 90' lang='lat' dir='ltr'><strong>quod</strong></span> <span class='ocrx_word' id='word_1_87' title='bbox 396 1807 526 1895; x_wconf 85' lang='lat' dir='ltr'><strong>sentin,</strong></span> <span class='ocrx_word' id='word_1_88' title='bbox 542 1807 605 1903; x_wconf 90' lang='lat' dir='ltr'><strong>qui</strong></span> <span class='ocrx_word' id='word_1_89' title='bbox 619 1830 729 1902; x_wconf 83' lang='lat' dir='ltr'><strong>graece</strong></span> <span class='ocrx_word' id='word_1_90' title='bbox 746 1805 972 1877; x_wconf 88' lang='lat' dir='ltr'><strong>contendunt</strong></span> <span class='ocrx_word' id='word_1_91' title='bbox 985 1805 1073 1876; x_wconf 94' lang='lat' dir='ltr'><strong>mihi</strong></span> <span class='ocrx_word' id='word_1_92' title='bbox 1089 1805 1187 1878; x_wconf 90' lang='lat' dir='ltr'><strong>litem</strong></span> 
     </span>
     <span class='ocr_line' id='line_1_15' title="bbox 186 1913 1189 2012; baseline -0.002 -23"><span class='ocrx_word' id='word_1_93' title='bbox 186 1919 328 1989; x_wconf 88' lang='lat' dir='ltr'><strong>vincere</strong></span> <span class='ocrx_word' id='word_1_94' title='bbox 340 1915 537 1986; x_wconf 85' lang='lat' dir='ltr'><strong>videntnr¹.</strong></span> <span class='ocrx_word' id='word_1_95' title='bbox 550 1919 593 1985; x_wconf 82' lang='lat' dir='ltr'><strong>ht</strong></span> <span class='ocrx_word' id='word_1_96' title='bbox 609 1939 689 2005; x_wconf 92' lang='lat' dir='ltr'><strong>nos,</strong></span> <span class='ocrx_word' id='word_1_97' title='bbox 702 1915 765 2011; x_wconf 91' lang='lat' dir='ltr'><strong>qui</strong></span> <span class='ocrx_word' id='word_1_98' title='bbox 780 1913 849 1986; x_wconf 81' lang='lat' dir='ltr'><strong>iata</strong></span> <span class='ocrx_word' id='word_1_99' title='bbox 862 1913 1059 1986; x_wconf 87' lang='lat' dir='ltr'><strong>litterarum</strong></span> <span class='ocrx_word' id='word_1_100' title='bbox 1076 1914 1189 2012; x_wconf 91' lang='lat' dir='ltr'><strong>inqui·</strong></span> 
     </span>
     <span class='ocr_line' id='line_1_16' title="bbox 184 2019 1189 2120; baseline -0.002 -24"><span class='ocrx_word' id='word_1_101' title='bbox 184 2026 313 2111; x_wconf 91' lang='lat' dir='ltr'><strong>rimus,</strong></span> <span class='ocrx_word' id='word_1_102' title='bbox 332 2021 420 2092; x_wconf 91' lang='lat' dir='ltr'><strong>nihil</strong></span> <span class='ocrx_word' id='word_1_103' title='bbox 435 2020 610 2092; x_wconf 91' lang='lat' dir='ltr'><strong>habemus</strong></span> <span class='ocrx_word' id='word_1_104' title='bbox 630 2020 729 2117; x_wconf 91' lang='lat' dir='ltr'><strong>quod</strong></span> <span class='ocrx_word' id='word_1_105' title='bbox 755 2019 938 2092; x_wconf 90' lang='lat' dir='ltr'><strong>lucremur</strong></span> <span class='ocrx_word' id='word_1_106' title='bbox 957 2022 994 2090; x_wconf 90' lang='lat' dir='ltr'><strong>in</strong></span> <span class='ocrx_word' id='word_1_107' title='bbox 1017 2020 1085 2093; x_wconf 90' lang='lat' dir='ltr'><strong>hac</strong></span> <span class='ocrx_word' id='word_1_108' title='bbox 1106 2048 1189 2120; x_wconf 93' lang='lat' dir='ltr'><strong>pro·</strong></span> 
     </span>
     <span class='ocr_line' id='line_1_17' title="bbox 185 2127 1186 2224; baseline 0.002 -24"><span class='ocrx_word' id='word_1_109' title='bbox 185 2129 313 2217; x_wconf 88' lang='lat' dir='ltr'><strong>vincia,</strong></span> <span class='ocrx_word' id='word_1_110' title='bbox 329 2143 439 2224; x_wconf 90' lang='lat' dir='ltr'><strong>utque</strong></span> <span class='ocrx_word' id='word_1_111' title='bbox 455 2130 627 2224; x_wconf 89' lang='lat' dir='ltr'><strong>Syrorum</strong></span> <span class='ocrx_word' id='word_1_112' title='bbox 642 2128 797 2224; x_wconf 86' lang='lat' dir='ltr'><strong>genuina</strong></span> <span class='ocrx_word' id='word_1_113' title='bbox 816 2127 932 2199; x_wconf 90' lang='lat' dir='ltr'><strong>studia</strong></span> <span class='ocrx_word' id='word_1_114' title='bbox 950 2129 1186 2219; x_wconf 86' lang='lat' dir='ltr'><strong>inveniamus,</strong></span> 
     </span>
     <span class='ocr_line' id='line_1_18' title="bbox 187 2235 767 2335; baseline -0.002 -28"><span class='ocrx_word' id='word_1_115' title='bbox 187 2238 387 2335; x_wconf 85' lang='lat' dir='ltr'><strong>Euphrates</strong></span> <span class='ocrx_word' id='word_1_116' title='bbox 403 2235 508 2308; x_wconf 90' lang='lat' dir='ltr'><strong>nobis</strong></span> <span class='ocrx_word' id='word_1_117' title='bbox 523 2235 767 2332; x_wconf 84' lang='lat' dir='ltr'><strong>trajiciendus.</strong></span> 
     </span>
    </p>
   </div>
   <div class='ocr_carea' id='block_1_3' title="bbox 186 2353 1187 2559">
    <p class='ocr_par' dir='ltr' id='par_1_3' title="bbox 186 2353 1187 2559">
     <span class='ocr_line' id='line_1_19' title="bbox 236 2353 1187 2452; baseline -0.001 -28"><span class='ocrx_word' id='word_1_118' title='bbox 236 2355 377 2424; x_wconf 83' lang='lat' dir='ltr'><strong>Etenim</strong></span> <span class='ocrx_word' id='word_1_119' title='bbox 403 2367 502 2425; x_wconf 84' lang='lat' dir='ltr'><strong>trans</strong></span> <span class='ocrx_word' id='word_1_120' title='bbox 528 2353 748 2451; x_wconf 88' lang='lat' dir='ltr'><strong>Euphratem</strong></span> <span class='ocrx_word' id='word_1_121' title='bbox 775 2354 884 2452; x_wconf 88' lang='lat' dir='ltr'><strong>paulo</strong></span> <span class='ocrx_word' id='word_1_122' title='bbox 905 2353 1046 2425; x_wconf 88' lang='lat' dir='ltr'><strong>diversa</strong></span> <span class='ocrx_word' id='word_1_123' title='bbox 1068 2379 1187 2424; x_wconf 88' lang='lat' dir='ltr'><strong>rerum</strong></span> 
     </span>
     <span class='ocr_line' id='line_1_20' title="bbox 186 2461 1187 2559; baseline -0.002 -25"><span class='ocrx_word' id='word_1_124' title='bbox 186 2463 278 2534; x_wconf 89' lang='lat' dir='ltr'><strong>ratio</strong></span> <span class='ocrx_word' id='word_1_125' title='bbox 297 2461 392 2533; x_wconf 86' lang='lat' dir='ltr'><strong>suit&#39;.</strong></span> <span class='ocrx_word' id='word_1_126' title='bbox 408 2463 567 2533; x_wconf 84' lang='lat' dir='ltr'><strong>Graecam</strong></span> <span class='ocrx_word' id='word_1_127' title='bbox 580 2461 741 2557; x_wconf 88' lang='lat' dir='ltr'><strong>linguam</strong></span> <span class='ocrx_word' id='word_1_128' title='bbox 757 2461 851 2534; x_wconf 88' lang='lat' dir='ltr'><strong>hanc</strong></span> <span class='ocrx_word' id='word_1_129' title='bbox 870 2463 1053 2559; x_wconf 84' lang='lat' dir='ltr'><strong>regionem</strong></span> <span class='ocrx_word' id='word_1_130' title='bbox 1064 2486 1187 2559; x_wconf 87' lang='lat' dir='ltr'><strong>perva-</strong></span> 
     </span>
    </p>
   </div>
   <div class='ocr_carea' id='block_1_4' title="bbox 188 2693 1191 3317">
    <p class='ocr_par' dir='ltr' id='par_1_4' title="bbox 188 2693 1191 3317">
     <span class='ocr_line' id='line_1_21' title="bbox 227 2693 1191 2772; baseline 0.003 -22"><span class='ocrx_word' id='word_1_131' title='bbox 227 2694 235 2727; x_wconf 80' lang='lat'><strong>¹</strong></span> <span class='ocrx_word' id='word_1_132' title='bbox 246 2693 377 2752; x_wconf 84' lang='lat' dir='ltr'><strong>Palmare</strong></span> <span class='ocrx_word' id='word_1_133' title='bbox 389 2705 592 2772; x_wconf 80' lang='lat' dir='ltr'><strong>argumentum</strong></span> <span class='ocrx_word' id='word_1_134' title='bbox 603 2693 687 2752; x_wconf 90' lang='lat' dir='ltr'><strong>nobis</strong></span> <span class='ocrx_word' id='word_1_135' title='bbox 697 2706 739 2753; x_wconf 86' lang='lat' dir='ltr'><strong>est</strong></span> <span class='ocrx_word' id='word_1_136' title='bbox 750 2714 851 2753; x_wconf 85' lang='lat' dir='ltr'><strong>ornnes</strong></span> <span class='ocrx_word' id='word_1_137' title='bbox 865 2707 998 2754; x_wconf 86' lang='lat' dir='ltr'><strong>auctores</strong></span> <span class='ocrx_word' id='word_1_138' title='bbox 1007 2695 1082 2755; x_wconf 81' lang='lat' dir='ltr'><strong>Novi</strong></span> <span class='ocrx_word' id='word_1_139' title='bbox 1091 2699 1191 2754; x_wconf 88' lang='lat' dir='ltr'><strong>Testa·</strong></span> 
     </span>
     <span class='ocr_line' id='line_1_22' title="bbox 188 2781 1191 2862; baseline 0.002 -22"><span class='ocrx_word' id='word_1_140' title='bbox 188 2781 278 2840; x_wconf 84' lang='lat' dir='ltr'><strong>menti</strong></span> <span class='ocrx_word' id='word_1_141' title='bbox 301 2781 338 2840; x_wconf 92' lang='lat' dir='ltr'><strong>ad</strong></span> <span class='ocrx_word' id='word_1_142' title='bbox 351 2801 442 2842; x_wconf 90' lang='lat' dir='ltr'><strong>unum</strong></span> <span class='ocrx_word' id='word_1_143' title='bbox 462 2802 554 2862; x_wconf 79' lang='lat' dir='ltr'><strong>graece</strong></span> <span class='ocrx_word' id='word_1_144' title='bbox 573 2784 729 2862; x_wconf 84' lang='lat' dir='ltr'><strong>scripsisse.</strong></span> <span class='ocrx_word' id='word_1_145' title='bbox 750 2785 807 2859; x_wconf 91' lang='lat' dir='ltr'><strong>Qui</strong></span> <span class='ocrx_word' id='word_1_146' title='bbox 824 2785 991 2844; x_wconf 84' lang='lat' dir='ltr'><strong>Matthaeum</strong></span> <span class='ocrx_word' id='word_1_147' title='bbox 1007 2782 1143 2862; x_wconf 71' lang='grc' dir='ltr'>ἑδραϊστί,</span> <span class='ocrx_word' id='word_1_148' title='bbox 1159 2799 1191 2844; x_wconf 92' lang='lat' dir='ltr'><strong>ut</strong></span> 
     </span>
     <span class='ocr_line' id='line_1_23' title="bbox 188 2872 1191 2954; baseline 0.001 -22"><span class='ocrx_word' id='word_1_149' title='bbox 188 2875 269 2932; x_wconf 90' lang='lat' dir='ltr'><strong>aiunt</strong></span> <span class='ocrx_word' id='word_1_150' title='bbox 282 2872 329 2946; x_wconf 85' lang='lat' dir='ltr'><strong>(id</strong></span> <span class='ocrx_word' id='word_1_151' title='bbox 343 2884 385 2931; x_wconf 88' lang='lat' dir='ltr'><strong>est</strong></span> <span class='ocrx_word' id='word_1_152' title='bbox 401 2872 650 2949; x_wconf 84' lang='lat' dir='ltr'><strong>syro-chaldaice)</strong></span> <span class='ocrx_word' id='word_1_153' title='bbox 667 2875 814 2954; x_wconf 89' lang='lat' dir='ltr'><strong>scripsisse</strong></span> <span class='ocrx_word' id='word_1_154' title='bbox 832 2875 950 2948; x_wconf 89' lang='lat' dir='ltr'><strong>volunt,</strong></span> <span class='ocrx_word' id='word_1_155' title='bbox 964 2874 1097 2950; x_wconf 85' lang='lat' dir='ltr'><strong>quamvis</strong></span> <span class='ocrx_word' id='word_1_156' title='bbox 1114 2875 1191 2933; x_wconf 89' lang='lat' dir='ltr'><strong>sama</strong></span> 
     </span>
     <span class='ocr_line' id='line_1_24' title="bbox 188 2962 1190 3044; baseline 0.001 -23"><span class='ocrx_word' id='word_1_157' title='bbox 188 2963 385 3044; x_wconf 84' lang='lat' dir='ltr'><strong>vulgatissima</strong></span> <span class='ocrx_word' id='word_1_158' title='bbox 398 2962 536 3036; x_wconf 87' lang='lat' dir='ltr'><strong>nitantur,</strong></span> <span class='ocrx_word' id='word_1_159' title='bbox 551 2982 611 3022; x_wconf 91' lang='lat' dir='ltr'><strong>non</strong></span> <span class='ocrx_word' id='word_1_160' title='bbox 631 2963 778 3023; x_wconf 86' lang='lat' dir='ltr'><strong>audiendi.</strong></span> <span class='ocrx_word' id='word_1_161' title='bbox 799 2969 905 3025; x_wconf 89' lang='lat' dir='ltr'><strong>Notatu</strong></span> <span class='ocrx_word' id='word_1_162' title='bbox 923 2964 1044 3044; x_wconf 79' lang='lat' dir='ltr'><strong>dignum</strong></span> <span class='ocrx_word' id='word_1_163' title='bbox 1061 2967 1190 3022; x_wconf 88' lang='lat' dir='ltr'><strong>Marcum</strong></span> 
     </span>
     <span class='ocr_line' id='line_1_25' title="bbox 189 3052 1189 3134; baseline 0.002 -24"><span class='ocrx_word' id='word_1_164' title='bbox 189 3055 281 3111; x_wconf 91' lang='lat' dir='ltr'><strong>solnm</strong></span> <span class='ocrx_word' id='word_1_165' title='bbox 300 3052 409 3125; x_wconf 73' lang='lat' dir='ltr'><strong>referre</strong></span> <span class='ocrx_word' id='word_1_166' title='bbox 429 3053 555 3131; x_wconf 90' lang='lat' dir='ltr'><strong>plurima</strong></span> <span class='ocrx_word' id='word_1_167' title='bbox 572 3054 663 3113; x_wconf 88' lang='lat' dir='ltr'><strong>verba</strong></span> <span class='ocrx_word' id='word_1_168' title='bbox 685 3055 789 3114; x_wconf 88' lang='lat' dir='ltr'><strong>Christi</strong></span> <span class='ocrx_word' id='word_1_169' title='bbox 811 3057 921 3134; x_wconf 85' lang='lat' dir='ltr'><strong>syriace</strong></span> <span class='ocrx_word' id='word_1_170' title='bbox 935 3059 976 3128; x_wconf 82' lang='lat' dir='ltr'><strong>(r,</strong></span> <span class='ocrx_word' id='word_1_171' title='bbox 992 3057 1042 3124; x_wconf 64' lang='lat'><strong>413</strong></span> <span class='ocrx_word' id='word_1_172' title='bbox 1058 3073 1119 3126; x_wconf 85' lang='lat' dir='ltr'><strong>vn,</strong></span> <span class='ocrx_word' id='word_1_173' title='bbox 1135 3057 1189 3126; x_wconf 69' lang='lat'><strong>3⁴3</strong></span> 
     </span>
     <span class='ocr_line' id='line_1_26' title="bbox 189 3142 1189 3226; baseline 0.003 -27"><span class='ocrx_word' id='word_1_174' title='bbox 189 3163 239 3216; x_wconf 84' lang='lat' dir='ltr'><strong>xv,</strong></span> <span class='ocrx_word' id='word_1_175' title='bbox 255 3145 319 3218; x_wconf 71' lang='lat'><strong>34).</strong></span> <span class='ocrx_word' id='word_1_176' title='bbox 335 3142 485 3202; x_wconf 71' lang='lat' dir='ltr'><strong>Matthaeus</strong></span> <span class='ocrx_word' id='word_1_177' title='bbox 496 3143 585 3204; x_wconf 87' lang='lat' dir='ltr'><strong>semel</strong></span> <span class='ocrx_word' id='word_1_178' title='bbox 594 3144 624 3203; x_wconf 91' lang='lat' dir='ltr'><strong>id</strong></span> <span class='ocrx_word' id='word_1_179' title='bbox 637 3145 704 3205; x_wconf 84' lang='lat' dir='ltr'><strong>facit</strong></span> <span class='ocrx_word' id='word_1_180' title='bbox 720 3150 826 3220; x_wconf 86' lang='lat' dir='ltr'><strong>(xxvn,</strong></span> <span class='ocrx_word' id='word_1_181' title='bbox 842 3147 897 3226; x_wconf 79' lang='lat' dir='ltr'><strong>to)</strong></span> <span class='ocrx_word' id='word_1_182' title='bbox 913 3150 1043 3206; x_wconf 82' lang='lat' dir='ltr'><strong>Marcum</strong></span> <span class='ocrx_word' id='word_1_183' title='bbox 1056 3164 1189 3223; x_wconf 83' lang='lat' dir='ltr'><strong>sequens.</strong></span> 
     </span>
     <span class='ocr_line' id='line_1_27' title="bbox 188 3235 787 3317; baseline 0.012 -26"><span class='ocrx_word' id='word_1_184' title='bbox 188 3237 280 3292; x_wconf 87' lang='lat' dir='ltr'><strong>Lucas</strong></span> <span class='ocrx_word' id='word_1_185' title='bbox 297 3246 325 3292; x_wconf 88' lang='lat' dir='ltr'><strong>et</strong></span> <span class='ocrx_word' id='word_1_186' title='bbox 337 3237 461 3294; x_wconf 88' lang='lat' dir='ltr'><strong>Joannes</strong></span> <span class='ocrx_word' id='word_1_187' title='bbox 475 3235 594 3297; x_wconf 89' lang='lat' dir='ltr'><strong>omnino</strong></span> <span class='ocrx_word' id='word_1_188' title='bbox 608 3236 694 3317; x_wconf 84' lang='lat' dir='ltr'><strong>graeci</strong></span> <span class='ocrx_word' id='word_1_189' title='bbox 709 3249 787 3298; x_wconf 88' lang='lat' dir='ltr'><strong>sunt.</strong></span> 
     </span>
    </p>
   </div>
   <div class='ocr_carea' id='block_1_5' title="bbox 189 3333 1194 3861">
    <p class='ocr_par' dir='ltr' id='par_1_5' title="bbox 189 3333 1194 3861">
     <span class='ocr_line' id='line_1_28' title="bbox 227 3333 1192 3416; baseline 0.003 -24"><span class='ocrx_word' id='word_1_190' title='bbox 227 3333 239 3368; x_wconf 79' lang='lat'><em>¹</em></span> <span class='ocrx_word' id='word_1_191' title='bbox 257 3334 448 3406; x_wconf 67' lang='lat' dir='ltr'><strong>auctoritates</strong></span> <span class='ocrx_word' id='word_1_192' title='bbox 461 3333 492 3392; x_wconf 88' lang='lat' dir='ltr'><strong>in</strong></span> <span class='ocrx_word' id='word_1_193' title='bbox 505 3334 562 3394; x_wconf 88' lang='lat' dir='ltr'><strong>hac</strong></span> <span class='ocrx_word' id='word_1_194' title='bbox 576 3335 807 3413; x_wconf 84' lang='lat' dir='ltr'><strong>quaestioneque</strong></span> <span class='ocrx_word' id='word_1_195' title='bbox 822 3335 895 3394; x_wconf 88' lang='lat' dir='ltr'><strong>solet</strong></span> <span class='ocrx_word' id='word_1_196' title='bbox 909 3334 1056 3416; x_wconf 84' lang='lat' dir='ltr'><strong>diligentia</strong></span> <span class='ocrx_word' id='word_1_197' title='bbox 1070 3355 1192 3416; x_wconf 80' lang='lat' dir='ltr'><strong>conges-</strong></span> 
     </span>
     <span class='ocr_line' id='line_1_29' title="bbox 190 3423 1193 3503; baseline 0.003 -22"><span class='ocrx_word' id='word_1_198' title='bbox 190 3423 226 3482; x_wconf 83' lang='lat' dir='ltr'><strong>sit</strong></span> <span class='ocrx_word' id='word_1_199' title='bbox 238 3425 437 3497; x_wconf 69' lang='lat' dir='ltr'><strong>Quatremere,</strong></span> <span class='ocrx_word' id='word_1_200' title='bbox 453 3428 593 3483; x_wconf 73' lang='lat' dir='ltr'><strong>Memotre</strong></span> <span class='ocrx_word' id='word_1_201' title='bbox 604 3447 654 3484; x_wconf 83' lang='lat' dir='ltr'><strong>sur</strong></span> <span class='ocrx_word' id='word_1_202' title='bbox 667 3431 707 3482; x_wconf 86' lang='lat' dir='ltr'><strong>les</strong></span> <span class='ocrx_word' id='word_1_203' title='bbox 718 3425 894 3495; x_wconf 71' lang='lat' dir='ltr'><strong>Nabateens,</strong></span> <span class='ocrx_word' id='word_1_204' title='bbox 908 3446 939 3503; x_wconf 91' lang='lat' dir='ltr'><strong>p.</strong></span> <span class='ocrx_word' id='word_1_205' title='bbox 960 3429 1016 3485; x_wconf 66' lang='lat'><strong>132</strong></span> <span class='ocrx_word' id='word_1_206' title='bbox 1031 3438 1060 3485; x_wconf 86' lang='lat' dir='ltr'><strong>et</strong></span> <span class='ocrx_word' id='word_1_207' title='bbox 1073 3445 1136 3503; x_wconf 88' lang='lat' dir='ltr'><strong>sqq.</strong></span> <span class='ocrx_word' id='word_1_208' title='bbox 1152 3459 1193 3471; x_wconf 91' lang='lat'>-</span> 
     </span>
     <span class='ocr_line' id='line_1_30' title="bbox 189 3512 1194 3594; baseline 0.003 -23"><span class='ocrx_word' id='word_1_209' title='bbox 189 3512 328 3571; x_wconf 84' lang='lat' dir='ltr'><strong>Eamdem</strong></span> <span class='ocrx_word' id='word_1_210' title='bbox 342 3513 492 3572; x_wconf 88' lang='lat' dir='ltr'><strong>materiam</strong></span> <span class='ocrx_word' id='word_1_211' title='bbox 506 3512 589 3573; x_wconf 86' lang='lat' dir='ltr'><strong>docte</strong></span> <span class='ocrx_word' id='word_1_212' title='bbox 608 3514 700 3593; x_wconf 85' lang='lat' dir='ltr'><strong>tetigit</strong></span> <span class='ocrx_word' id='word_1_213' title='bbox 724 3517 740 3571; x_wconf 91' lang='lat' dir='ltr'>J</span> <span class='ocrx_word' id='word_1_214' title='bbox 745 3557 751 3570; x_wconf 98' lang='lat'><strong>.</strong></span> <span class='ocrx_word' id='word_1_215' title='bbox 768 3513 966 3587; x_wconf 87' lang='lat' dir='ltr'><strong>Wichelhaus,</strong></span> <span class='ocrx_word' id='word_1_216' title='bbox 985 3515 1015 3572; x_wconf 90' lang='lat' dir='ltr'><strong>in</strong></span> <span class='ocrx_word' id='word_1_217' title='bbox 1028 3515 1087 3574; x_wconf 90' lang='lat' dir='ltr'><strong>suis</strong></span> <span class='ocrx_word' id='word_1_218' title='bbox 1099 3534 1194 3594; x_wconf 86' lang='lat' dir='ltr'><strong>nuper</strong></span> 
     </span>
     <span class='ocr_line' id='line_1_31' title="bbox 190 3599 1194 3680; baseline 0.004 -21"><span class='ocrx_word' id='word_1_219' title='bbox 190 3599 272 3659; x_wconf 86' lang='lat' dir='ltr'><strong>editis</strong></span> <span class='ocrx_word' id='word_1_220' title='bbox 298 3605 343 3658; x_wconf 92' lang='lat' dir='ltr'><strong>De</strong></span> <span class='ocrx_word' id='word_1_221' title='bbox 366 3605 440 3660; x_wconf 77' lang='lat' dir='ltr'><strong>Novi</strong></span> <span class='ocrx_word' id='word_1_222' title='bbox 464 3606 539 3659; x_wconf 82' lang='lat' dir='ltr'><strong>Test.</strong></span> <span class='ocrx_word' id='word_1_223' title='bbox 566 3605 688 3661; x_wconf 81' lang='lat' dir='ltr'><strong>versione</strong></span> <span class='ocrx_word' id='word_1_224' title='bbox 711 3622 770 3675; x_wconf 83' lang='lat' dir='ltr'><strong>syr.</strong></span> <span class='ocrx_word' id='word_1_225' title='bbox 796 3610 937 3678; x_wconf 80' lang='lat' dir='ltr'><strong>antiqua,</strong></span> <span class='ocrx_word' id='word_1_226' title='bbox 964 3602 1045 3662; x_wconf 90' lang='lat' dir='ltr'><strong>libris</strong></span> <span class='ocrx_word' id='word_1_227' title='bbox 1067 3616 1194 3680; x_wconf 90' lang='lat' dir='ltr'><strong>quatuor</strong></span> 
     </span>
     <span class='ocr_line' id='line_1_32' title="bbox 190 3688 1194 3771; baseline 0.003 -23"><span class='ocrx_word' id='word_1_228' title='bbox 190 3688 293 3766; x_wconf 77' lang='lat' dir='ltr'><strong>(Halia,</strong></span> <span class='ocrx_word' id='word_1_229' title='bbox 310 3693 411 3764; x_wconf 79' lang='lat'><strong>1850),</strong></span> <span class='ocrx_word' id='word_1_230' title='bbox 423 3689 475 3752; x_wconf 85' lang='lat' dir='ltr'><strong>tib.</strong></span> <span class='ocrx_word' id='word_1_231' title='bbox 490 3695 516 3760; x_wconf 91' lang='lat' dir='ltr'><strong>I,</strong></span> <span class='ocrx_word' id='word_1_232' title='bbox 534 3712 599 3771; x_wconf 89' lang='lat' dir='ltr'><strong>cap.</strong></span> <span class='ocrx_word' id='word_1_233' title='bbox 613 3713 659 3753; x_wconf 82' lang='grc' dir='ltr'><strong>ιιι.</strong></span> <span class='ocrx_word' id='word_1_234' title='bbox 676 3725 716 3736; x_wconf 82' lang='lat'>—</span> <span class='ocrx_word' id='word_1_235' title='bbox 730 3692 773 3750; x_wconf 85' lang='lat' dir='ltr'><strong>cf.</strong></span> <span class='ocrx_word' id='word_1_236' title='bbox 789 3693 875 3751; x_wconf 87' lang='lat' dir='ltr'><strong>etiam</strong></span> <span class='ocrx_word' id='word_1_237' title='bbox 889 3696 1019 3763; x_wconf 87' lang='lat' dir='ltr'><strong>Cramer,</strong></span> <span class='ocrx_word' id='word_1_238' title='bbox 1034 3699 1079 3750; x_wconf 89' lang='lat' dir='ltr'><strong>De</strong></span> <span class='ocrx_word' id='word_1_239' title='bbox 1091 3698 1194 3752; x_wconf 82' lang='lat' dir='ltr'><strong>studiis</strong></span> 
     </span>
     <span class='ocr_line' id='line_1_33' title="bbox 189 3776 1191 3861; baseline 0.004 -25"><span class='ocrx_word' id='word_1_240' title='bbox 189 3799 250 3855; x_wconf 68' lang='lat' dir='ltr'><strong>que</strong></span> <span class='ocrx_word' id='word_1_241' title='bbox 274 3793 377 3837; x_wconf 77' lang='lat' dir='ltr'><strong>veteres</strong></span> <span class='ocrx_word' id='word_1_242' title='bbox 394 3782 436 3836; x_wconf 87' lang='lat' dir='ltr'><strong>ad</strong></span> <span class='ocrx_word' id='word_1_243' title='bbox 455 3782 578 3838; x_wconf 78' lang='lat' dir='ltr'><strong>aliarum</strong></span> <span class='ocrx_word' id='word_1_244' title='bbox 596 3776 720 3860; x_wconf 79' lang='lat' dir='ltr'><strong>gentium</strong></span> <span class='ocrx_word' id='word_1_245' title='bbox 734 3787 901 3840; x_wconf 83' lang='lat' dir='ltr'><strong>contulerint</strong></span> <span class='ocrx_word' id='word_1_246' title='bbox 919 3785 1029 3859; x_wconf 73' lang='lat' dir='ltr'><strong>lingitur</strong></span> <span class='ocrx_word' id='word_1_247' title='bbox 1043 3782 1191 3861; x_wconf 78' lang='lat' dir='ltr'><strong>(Suudiae,</strong></span> 
     </span>
    </p>
   </div>
   <div class='ocr_carea' id='block_1_6' title="bbox 192 3869 1192 4036">
    <p class='ocr_par' dir='ltr' id='par_1_6' title="bbox 192 3869 1192 4036">
     <span class='ocr_line' id='line_1_34' title="bbox 193 3869 1192 3948; baseline -0.002 -21"><span class='ocrx_word' id='word_1_248' title='bbox 193 3871 296 3948; x_wconf 69' lang='lat' dir='ltr'><strong>tata),</strong></span> <span class='ocrx_word' id='word_1_249' title='bbox 311 3888 375 3948; x_wconf 89' lang='lat' dir='ltr'><strong>cap.</strong></span> <span class='ocrx_word' id='word_1_250' title='bbox 396 3889 426 3941; x_wconf 81' lang='lat' dir='ltr'><strong>v,</strong></span> <span class='ocrx_word' id='word_1_251' title='bbox 447 3881 475 3929; x_wconf 87' lang='lat' dir='ltr'><strong>et</strong></span> <span class='ocrx_word' id='word_1_252' title='bbox 488 3869 653 3945; x_wconf 86' lang='lat' dir='ltr'><strong>Villemain,</strong></span> <span class='ocrx_word' id='word_1_253' title='bbox 672 3869 797 3929; x_wconf 84' lang='lat' dir='ltr'><strong>Tableau</strong></span> <span class='ocrx_word' id='word_1_254' title='bbox 814 3875 850 3930; x_wconf 87' lang='lat' dir='ltr'><strong>de</strong></span> <span class='ocrx_word' id='word_1_255' title='bbox 868 3876 1037 3947; x_wconf 75' lang='lat' dir='ltr'><strong>l’eloquenea</strong></span> <span class='ocrx_word' id='word_1_256' title='bbox 1051 3875 1137 3933; x_wconf 75' lang='lat' dir='ltr'><strong>cluet.</strong></span> <span class='ocrx_word' id='word_1_257' title='bbox 1153 3890 1192 3926; x_wconf 86' lang='grc' dir='ltr'><strong>αιι</strong></span> 
     </span>
     <span class='ocr_line' id='line_1_35' title="bbox 192 3959 592 4036; baseline 0 -20"><span class='ocrx_word' id='word_1_258' title='bbox 192 3967 235 4016; x_wconf 80' lang='lat' dir='ltr'><strong>rv⁸</strong></span> <span class='ocrx_word' id='word_1_259' title='bbox 245 3959 342 4031; x_wconf 67' lang='lat' dir='ltr'><strong>siecle,</strong></span> <span class='ocrx_word' id='word_1_260' title='bbox 357 3978 388 4036; x_wconf 87' lang='lat' dir='ltr'><strong>p.</strong></span> <span class='ocrx_word' id='word_1_261' title='bbox 406 3960 464 4016; x_wconf 78' lang='lat' dir='ltr'><strong>att</strong></span> <span class='ocrx_word' id='word_1_262' title='bbox 480 3961 592 4034; x_wconf 75' lang='grc'>(1849).</span> 
     </span>
    </p>
   </div>
   <div class='ocr_carea' id='block_1_7' title="bbox 0 0 1397 4776">
    <p class='ocr_par' dir='ltr' id='par_1_7' title="bbox 0 0 1397 4776">
     <span class='ocr_line' id='line_1_36' title="bbox 0 0 1397 4776; baseline 0 0"><span class='ocrx_word' id='word_1_263' title='bbox 0 0 1397 4776; x_wconf 95' lang='lat' dir='ltr'><strong> </strong></span> 
     </span>
    </p>
   </div>
  </div>
 </body>
</html>
