2738 4786
538 359 735 429 ..23-

135 526 359 611 receperunt.
391 516 471 609 lpsa
489 509 638 608 quidem
662 530 790 578 eorum
813 506 980 578 doctrina
1005 505 1144 576 theolo-

136 621 214 718 gica
233 622 539 720 aperipatetismo
564 616 729 714 proxime
759 614 1005 702 derivabatur;
1022 639 1144 710 ⁴quam

137 745 243 801 vocat
265 734 422 800 Joannes
441 732 686 797 Damascenus
708 723 1001 795 «daemoniorum
1024 723 1147 795 inven-

138 851 217 907 turn
232 835 483 924 tenebrosum,
504 847 540 902 et
565 850 765 927 graecorum
792 832 1055 929 praestigiorum
1082 830 1145 928 frg-

139 959 302 1015 mentum
317 949 340 1032 ¹,
359 973 376 1007 ν
397 940 596 1036 additque:
620 937 742 1026 «Quis
769 953 975 1010 sanctorum
1002 942 1146 1009 Patrum

137 1051 214 1123 haec
231 1051 319 1123 dixit
347 1071 532 1144 unquam,
563 1047 630 1117 nisi
656 1047 747 1117 forte
774 1063 938 1117 sanctum
966 1045 1066 1143 apud
1091 1071 1149 1116 vos

138 1158 371 1232 Aristotelem
387 1155 493 1228 nobis
510 1155 727 1246 obtrudens,
747 1170 787 1227 ut
803 1156 949 1226 tertium
966 1154 1149 1225 decimum

139 1266 363 1366 apostolum,
382 1280 419 1337 et
441 1262 652 1335 doctoribus
673 1242 824 1335 nuririne
850 1262 977 1334 afflatis
998 1261 1148 1335 idolola-

141 1389 234 1444 tram
249 1372 494 1471 praeseratis’.»
514 1374 665 1443 Severus
682 1371 927 1442 Antiochenus
942 1425 950 1459 ,
966 1369 1074 1466 hujus
1092 1395 1151 1441 er-

141 1483 232 1553 roris
250 1482 347 1580 apud
361 1484 470 1577 Syros
485 1480 668 1568 conditor,
684 1479 879 1550 acerrimus
896 1478 1151 1577 peripateticus

141 1604 230 1679 erat,
249 1589 386 1687 dequo
403 1591 439 1658 S.
462 1588 658 1685 Gregorius
674 1588 918 1658 Nazianzenus
939 1613 946 1654 :
965 1616 982 1650 «
1003 1590 1035 1655 ts
1054 1584 1152 1683 apud

140 1700 313 1769 Severum
347 1698 507 1796 optimus
539 1696 745 1792 agnoscitur
777 1693 986 1790 theologus,
1019 1690 1083 1789 qui
1114 1691 1151 1763 in

141 1807 427 1880 Praedioamentis
456 1806 649 1879 Aristotelis
678 1820 714 1877 et
737 1805 774 1876 in
802 1805 1037 1900 caeterisquae
1053 1801 1152 1901 apud

140 1915 380 2014 philosophos
406 1929 493 1987 sunt
516 1913 709 2011 praeclara,
734 1913 840 1985 fuerit
872 1911 1113 1983 exercitatus⁸.
1133 1938 1150 1977 u

142 2025 231 2109 Quis
247 2023 361 2093 nescit
378 2026 555 2093 Joannem
571 2022 815 2120 Philoponum
827 2021 932 2092 simul
950 2018 1155 2117 monophy-

142 2129 365 2217 sitam,-imo
383 2127 616 2218 tritheistam‚
634 2143 743 2225 atque
760 2128 956 2200 Aristotelis
969 2151 1154 2199 commen-

114 2236 116 2240 ’
144 2250 297 2307 tatorem
314 2234 448 2306 fuisse?
466 2239 545 2306 Jam
566 2235 839 2306 Tritheistarum
857 2249 979 2332 pater,
1000 2239 1155 2307 Joanues

144 2341 410 2437 Ascusnaghes‚
429 2342 506 2439 ipse
520 2343 629 2437 Syrus
648 2355 746 2433 erat,
768 2354 875 2438 atque
892 2341 929 2411 in
951 2338 1075 2411 schola
1091 2342 1156 2411 Re-

144 2449 300 2521 sainensi
326 2448 439 2521 fuerat
465 2449 667 2521 educatus.
697 2449 838 2521 Scholae
870 2463 905 2520 et
938 2447 1155 2519 monasteria

144 2556 405 2648 Jacobitarurn,
434 2557 472 2628 in
492 2556 640 2629 urbibus
657 2558 836 2656 praecipue
852 2556 1001 2627 Resaina
1021 2569 1057 2626 et
1073 2555 1156 2625 Kin-

145 2665 282 2752 nesrin‚
303 2665 525 2737 aristotelica
537 2680 657 2755 erant3
677 2680 784 2763 atque
804 2664 850 2737 ab
872 2664 974 2736 initio
988 2662 1105 2736 saeculi
1120 2686 1157 2732 vr

146 2771 316 2872 deinceps
350 2798 426 2845 non
457 2774 612 2846 deerunt
642 2774 678 2845 in
709 2774 778 2847 hac
812 2786 909 2846 secta
949 2772 1011 2871 qui
1044 2777 1158 2872 Orgu-

146 2906 222 2951 non
248 2883 515 2955 commentariis
546 2898 654 2980 atque
682 2882 971 2955 enarrationibus
1004 2881 1158 2955 iilustra-

145 2987 251 3059 bunt.

197 3110 329 3175 Auctor
348 3106 548 3205 praecipuus
563 3107 696 3179 horum
717 3108 921 3179 studiorum
934 3109 999 3179 fuit
1016 3108 1160 3203 Sergius

188 3308 196 3341 ¹
218 3305 360 3384 Δαιμόνιον
374 3306 480 3385 εὕρημα
493 3309 640 3384 σκοτεινὸν,
653 3310 758 3381 καὶτῆς
773 3311 916 3380 ἕλληνικῆς
929 3312 1066 3389 τερθρείας
1080 3313 1161 3389 τερά-

146 3421 241 3476 τευμα.
264 3401 368 3458 Contra
380 3398 536 3456 Jacobttas.
552 3401 643 3478 Opp,
657 3412 679 3457 t.
694 3403 719 3471 Ι,
733 3420 763 3478 p.
781 3402 839 3458 399
852 3399 933 3473 (edit.
949 3399 1102 3476 Lequien).

186 3501 197 3534 ³
217 3499 268 3566 Τίς
281 3505 364 3561 τοῦτο
379 3503 432 3561 τῶν
448 3500 579 3582 θεοφόρων
597 3501 688 3585 εἴρηκε
704 3501 831 3574 πώποτε;
856 3505 879 3562 εἰ
900 3505 940 3582 μή
959 3526 1010 3562 που
1028 3503 1073 3561 τὸν
1095 3517 1159 3582 παρ’

146 3593 210 3666 ὑμῖν
233 3590 307 3669 ἅγιον
328 3588 513 3673 'spumosum
532 3596 611 3670 ἡμῖν,
629 3597 667 3659 ὡς
679 3593 899 3670 τρισκαιδέκατον
919 3591 1088 3668 ἀπόστολον,
1103 3595 1160 3653 εἰσ-

147 3678 283 3757 ordros-rt,
293 3680 340 3739 aad
350 3682 403 3740 τῶν
417 3681 598 3742 tamtarn
608 3683 654 3744 τὸν
673 3682 868 3762 εἷδωλολάτρην
883 3682 1064 3767 προκρίνοιτε.
1083 3682 1159 3759 Ibid.

186 3777 198 3812 ⁸
218 3780 305 3858 Apud
316 3779 492 3856 Launoium,
504 3787 549 3841 De
560 3787 641 3843 varia
650 3791 741 3841 Arist.
750 3781 840 3857 fort„
849 3804 914 3864 cap.
926 3805 960 3842 ιι.
974 3783 1055 3844 Alios
1063 3788 1163 3843 Patres

149 3866 251 3927 eadem
266 3869 326 3928 sere
339 3869 377 3929 de
388 3874 499 3931 Severo
511 3874 701 3952 praedicantes
715 3873 815 3935 laudat
826 3874 868 3934 ibi
881 3874 1040 3957 Leunoius.

189 3967 199 4002 ⁸
221 3968 266 4030 Cf.
283 3972 395 4028 Assem.
413 3972 488 4030 Bibl.
506 3981 605 4032 orient.
612 4020 621 4047 ,
636 3988 658 4033 t.
676 3979 715 4047 11,
732 3996 761 4054 p.
778 3978 848 4047 327,
862 3996 925 4054 sqq.
