2768 4776
594 358 791 422 ..10...

194 513 300 595 atque
316 524 527 572 communes
543 501 643 572 omni
659 499 873 571 humanitati
891 500 1023 595 ingenii
1042 500 1191 570 virtutes

194 618 266 680 eta
281 622 408 680 natura
425 608 601 706 acceperit
618 607 703 678 etin
721 607 795 679 suis
809 606 978 704 operibus
995 605 1192 702 descriptas

194 713 377 807 exhibeat,
396 715 564 788 omnibus
582 714 746 811 gentibus
762 739 838 787 esse
858 714 1188 786 accommodatum.

195 822 295 894 Plato
323 825 475 897 nimium
503 848 636 921 graecus
668 833 740 912 est,
777 821 1011 920 barbarisque
1050 823 1192 920 placere

194 955 269 1001 non
283 947 451 1029 poterant
468 933 566 1004 istius
577 929 759 1002 scribendi
777 931 916 1025 generis
930 930 1083 1028 lepores.
1097 929 1191 999 Aris·

194 1038 323 1111 toteles
337 1055 465 1112 contra
487 1038 675 1111 hominem
697 1038 811 1132 magis
831 1062 904 1136 prae
931 1061 969 1109 se
995 1037 1062 1109 fert
1082 1059 1193 1133 quam

196 1171 349 1242 graecum
370 1149 499 1219 civem.
519 1151 759 1243 Quocumque
783 1150 954 1244 organon
981 1143 1070 1215 iilud
1093 1142 1192 1216 dela·

196 1269 273 1327 tum
288 1255 411 1345 fuerit,
431 1256 505 1327 sive
530 1254 577 1325 ad
599 1254 719 1344 Sinas,
747 1255 821 1325 sive
839 1252 887 1326 ad
902 1254 1029 1340 Indos,
1051 1253 1123 1322 sive
1146 1251 1194 1323 ad

196 1360 400 1460 AEthiopas,
420 1361 588 1435 omnibus
604 1361 662 1434 lex
674 1363 808 1457 ingenii
820 1360 970 1433 humani
986 1358 1191 1450 habebitur,

196 1495 271 1542 non
301 1495 402 1542 secus
434 1487 542 1568 atque
571 1471 759 1543 Elementa
788 1470 946 1543 Euclidis
975 1492 1102 1541 omnes
1131 1468 1195 1564 qui

194 1577 431 1650 intellexerint
441 1577 514 1650 fide
523 1578 796 1677 amplectentur.
811 1576 1019 1674 Addequod
1029 1577 1196 1647 Aristote·

195 1687 246 1758 les
266 1688 515 1759 auctoritatem
536 1701 572 1758 et
588 1688 738 1782 gloriam
758 1709 859 1757 suam
878 1685 1056 1784 praecipue
1072 1684 1197 1778 logicae

196 1792 331 1878 debuit,
345 1818 424 1891 quae
435 1793 526 1865 solet
538 1818 615 1865 esse
627 1795 733 1865 unica
742 1792 972 1891 philosophia
984 1793 1117 1889 ingenii
1128 1792 1196 1863 hu·

197 1901 296 1973 mani
316 1901 545 1973 senescentis.
567 1906 664 1971 Inter
684 1914 802 1998 partes
819 1902 917 1972 enim
934 1899 1193 1998 philosophiae,

196 2008 328 2103 logica,
347 2009 542 2107 profligatis
558 2009 759 2080 litterarum
784 2008 910 2099 rebus,
931 2009 1056 2081 ultima
1072 2031 1196 2105 super·

197 2142 286 2206 esse,
306 2132 429 2214 atque,
449 2117 578 2189 animis
599 2141 722 2189 rursus
747 2115 1064 2205 incalescentibus,
1080 2116 1196 2214 prima

196 2227 336 2297 renasci
374 2225 477 2296 solet·
510 2229 739 2324 Quapropter
763 2223 823 2296 ilie
848 2224 1010 2296 barbaris
1035 2245 1195 2297 summo·

196 2356 282 2430 pere
303 2347 470 2430 acceptus
482 2356 558 2403 non
575 2356 651 2404 esse
666 2352 743 2405 nou
767 2344 929 2430 poterat,
948 2331 1012 2428 qui
1027 2354 1065 2402 so
1082 2342 1195 2399 artem

196 2438 292 2512 hane
309 2442 465 2538 primam
479 2440 612 2512 dooere
628 2438 883 2538 profitebatur,

668 2725 723 2802 ΙΙ.

197 2925 357 2980 Aristoteles
377 2945 395 2978 n
414 2924 592 2980 Nestorianis
615 2924 655 2978 ad
674 2925 757 2995 Syros
779 2925 899 2978 delatus.
923 2896 962 2964 -Ᾰ
985 2921 1083 2978 Schola
1101 2922 1198 2995 prisea

617 3014 772 3069 Edessena.
1084 3011 1088 3018 '

246 3189 324 3284 Syri
350 3213 425 3259 non
452 3187 619 3268 videntur
636 3185 747 3257 ullam
763 3209 887 3257 euram
908 3184 1126 3282 impendisse
1142 3182 1198 3255 lit·

199 3298 283 3369 teris
299 3298 481 3394 profanis,
502 3312 697 3393 antequam
710 3294 1005 3369 Nestorianorum
1018 3290 1201 3391 opinioni-

198 3405 266 3476 bus
307 3405 568 3477 imbuerentur.
605 3405 796 3500 Seripturae
838 3424 946 3473 saorae
984 3405 1201 3494 Patrumque

199 3510 368 3610 operibus
400 3527 517 3584 totum
550 3528 690 3610 tempus
718 3512 755 3581 in
790 3509 921 3582 scholis
955 3506 1198 3603 erogabatur:

199 3619 424 3717 Ephraemus,
451 3618 560 3691 decus
589 3622 762 3716 Syrorum
784 3618 892 3714 hujus
912 3617 1040 3700 aetatis,
1068 3612 1200 3685 littera·

199 3751 280 3797 rum
320 3750 516 3823 graecarum
549 3728 701 3799 omnino
734 3725 833 3797 rudis
862 3725 940 3797 suit.
974 3729 1110 3795 Verum
1141 3721 1202 3792 uhi

201 3834 364 3908 doctrina
383 3837 535 3907 Nestorii
553 3835 701 3908 invaluit
718 3836 755 3905 in
773 3834 897 3908 schola
916 3834 1109 3922 Edessena,
1129 3845 1202 3903 tota

200 3942 386 4040 disciplina
412 3944 595 4017 hellenicae
622 3948 780 4040 ἐγκυκλίου
803 3942 949 4024 παιδείας
977 3941 1082 4013 simul
1105 3955 1202 4011 trans
