2768 4776
652 341 848 410 ...56-

249 486 389 579 syriaco
397 484 553 557 arabice.
569 489 684 557 Erunt
696 486 846 556 fortusse
858 487 920 583 qui
928 487 1106 559 mirentur
1114 487 1183 559 hos
1194 490 1254 560 in-

249 605 435 690 terpretes‚
446 593 509 689 qui
518 594 702 665 versiones
710 591 872 664 arabicas
883 593 1066 666 conficere
1076 596 1256 694 precipue

226 699 318 772 ‘sibi
333 699 612 800 proponebant,
640 726 773 774 munus
792 702 1025 801 insumpsisse
1048 706 1255 776 versionum

249 809 486 904 syrincnrum,
512 834 580 880 nec
597 809 734 907 ubsque
752 809 891 880 ratione
908 811 1078 908 'primum
1101 812 1257 884 intuenti

249 914 392 988 videtur
413 918 583 988 Casirins¹
599 917 821 988 contendere
846 931 973 988 contra
990 917 1257 991 Rennudotium

166 1087 169 1108 ,
250 1023 433 1096 versiones
447 1023 512 1096 hus
535 1049 556 1095 e
582 1047 696 1120 graeco
712 1023 751 1093 in
775 1022 960 1094 arabicum
985 1048 1128 1122 semper
1149 1025 1258 1099 fuisse

248 1128 383 1221 sectos,
410 1132 500 1204 dum
527 1129 851 1228 Middeldorpius²,
884 1131 1191 1229 Jourdaniusque·
1218 1134 1257 1206 id

247 1236 462 1337 plerumque
487 1241 648 1311 evenisse
673 1240 844 1310 sentiunt.
876 1243 1040 1311 Attamen
1058 1242 1257 1314 innumeris

175 1418 184 1431 ,
248 1360 358 1444 atque
385 1348 490 1419 certis
517 1347 731 1418 testimoniis
759 1361 901 1419 constat
919 1348 1068 1419 eosdem
1088 1348 1258 1446 interpre-

249 1470 302 1526 tes
317 1457 452 1554 syrince
469 1469 506 1527 et
530 1452 671 1526 arabice
696 1455 860 1542 vertisse,
880 1453 980 1551 quod
996 1455 1197 1527 Wenrichii
1208 1514 1211 1519 .
1222 1473 1257 1528 et

249 1561 417 1661 llluegelii
430 1563 752 1634 commentationes
771 1561 982 1661 perlegenti,
996 1586 1038 1633 ac
1050 1561 1193 1635 codices
1204 1565 1256 1661 ip

248 1695 309 1744 sos
319 1671 482 1744 arabicos
494 1669 674 1743 evolventi
689 1672 713 1759 ⁴,
730 1694 875 1766 quaque
891 1668 1022 1766 pagina
1037 1669 1250 1766 apparebit⁸.

249 1779 320 1851 Sed
336 1780 508 1877 quoniam
522 1779 707 1850 versiones
724 1777 867 1872 syriacae
885 1776 1004 1847 minus
1016 1776 1054 1847 in
1071 1800 1176 1846 usum
1192 1802 1253 1847 ve

248 1884 418 1974 mebant,
450 1887 599 1982 Syrique
624 1885 693 1982 ipsi
724 1881 886 1954 arabicas
911 1881 1080 1954 libentius
1107 1908 1255 1983 usurpa·

250 1994 357 2083 bant,
376 1995 578 2067 factumest
596 2010 634 2065 ut
651 1993 797 2090 syriacae
811 1993 996 2064 versiones
1022 1991 1129 2088 hujus
1145 1996 1256 2066 aetatis

251 2105 403 2175 omnino
419 2104 618 2236 perierint⁸.

302 2227 341 2292 Αι
343 2221 505 2294 istoteles
513 2245 670 2319 primum
678 2220 745 2291 snb
756 2219 972 2291 Almamuno
980 2218 1084 2312 (8⁴3
1069 2217 1172 2311 833)
1181 2241 1256 2288 ara

292 2453 301 2486 ¹
323 2452 399 2510 Btbl
414 2450 495 2508 arab.
510 2452 599 2526 hisp,
614 2461 636 2506 t.
652 2453 679 2519 1,
694 2469 723 2526 p.
740 2450 810 2508 240

292 2552 302 2584 ¹
325 2557 367 2610 De
383 2554 472 2608 instit.
491 2553 596 2609 liter.'
583 2571 613 2606 m
627 2552 712 2624 Hisp.
732 2570 792 2626 que
812 2549 922 2607 Arabes
938 2514 1068 2605 martores
1089 2547 1255 2616 habuerunt,

250 2664 281 2722 p.
301 2644 357 2700 67-
359 2645 408 2702 68.

290 2740 301 2774 ⁸
321 2741 405 2797 Ileclt.
430 2759 480 2795 sur
497 2743 537 2812 les
562 2740 636 2796 trad.
664 2741 716 2793 lot.
741 2741 771 2792 d'
772 2740 876 2808 Arist,
895 2758 926 2815 p.
944 2738 993 2795 86.
1015 2737 1092 2811 Quid
1114 2737 1206 2794 dicam
1220 2736 1256 2792 de

251 2830 370 2901 fluctio,
393 2828 460 2905 qui,
480 2839 546 2905 post
558 2825 738 2884 Ludovicum
753 2826 855 2883 Vivem
876 2830 935 2897 (De
947 2832 1040 2881 causis
1056 2837 1176 2900 corrupt.
1196 2836 1251 2880 un.

250 2923 340 2999 opp,
363 2931 384 2975 t.
404 2921 430 2988 1,
447 2936 478 2995 p.
502 2920 582 2989 410),
602 2919 665 2973 vult
683 2915 832 2974 versiones
854 2913 983 2971 arabicas
1006 2941 1019 2965 ιι
1041 2932 1101 2972 non
1123 2913 1255 2991 egraecis

250 3007 390 3079 sontibus,
406 3007 458 3077 sed
472 3025 509 3065 ex
522 3005 617 3063 latinis
632 3004 743 3064 lacunis
756 3005 888 3063 haustas!
906 3029 917 3052 »ι
932 3008 988 3074 (De
998 3007 1084 3061 claris
1094 3005 1252 3080 interpret,

251 3118 283 3175 p.
299 3101 384 3170 126.)

290 3196 348 3255 ‘ln
360 3196 461 3255 codice
473 3208 573 3254 nostro
586 3193 703 3254 arabico
714 3197 772 3253 884
786 3197 822 3264 Α,
838 3211 976 3270 expresse
986 3203 1102 3251 notatur
1108 3192 1255 3250 versiones

251 3306 316 3364 quae
328 3287 359 3344 in
372 3307 409 3344 eo
422 3287 632 3356 eontinentnre
645 3284 758 3361 syriaco
773 3303 836 3341 esse
851 3283 949 3341 factas.

290 3387 302 3420 ⁸
321 3391 394 3444 Rem
404 3386 464 3459 jam
479 3385 556 3444 bene
570 3383 687 3443 viderat
697 3382 822 3440 Buhlius
843 3380 991 3459 (Prolegg.
1013 3380 1050 3437 ad
1064 3399 1133 3459 opp.
1154 3381 1255 3452 Arist,

251 3486 272 3530 t.
283 3477 310 3545 1,
321 3495 350 3552 p.
369 3478 427 3532 320
444 3476 516 3532 etin
530 3478 694 3533 commenti,
707 3493 763 3530 soc.
779 3492 838 3547 reg.
857 3472 957 3540 Gom„
973 3473 1064 3540 exl,
1075 3489 1105 3546 p.
1120 3470 1254 3540 usu-23).
1297 3461 1301 3470 ’

251 3562 310 3622 Sed
328 3565 438 3622 erravit
453 3565 500 3621 vir
518 3565 630 3634 doctus,
647 3564 716 3622 dum
730 3561 852 3622 asseruit
866 3560 1015 3618 versiones
1029 3557 1160 3616 arabicas
1173 3577 1257 3634 quas.-

251 3652 319 3711 dum
330 3654 417 3712 etiam
432 3672 470 3710 ex
483 3654 597 3732 persico
610 3667 640 3711 et
652 3654 765 3733 coptico
779 3652 921 3730 profectas
933 3648 1033 3708 fuisse.

291 3753 302 3785 ⁶
322 3757 365 3810 De
379 3750 436 3809 lide
445 3763 474 3808 et
487 3750 596 3808 meritis
608 3751 714 3809 harum
726 3751 893 3809 versionum
908 3749 1093 3827 disputarunt
1103 3747 1256 3806 Salmasius

190 3888 197 3905 .
211 3850 217 3861 '
254 3842 355 3913 (ems.
374 3841 413 3902 a'd
427 3839 539 3901 Cebetis
553 3841 624 3899 edit.
635 3841 673 3900 ab
685 3840 876 3906 Elichmanno
890 3839 1089 3914 edometnm),
1106 3837 1256 3897 Renaudo-

250 3929 319 4009 tius,
334 3930 466 4002 bublius,
481 3930 643 4001 Comusius,
655 3928 853 4002 Wenridiius,
866 3929 937 3988 locis
947 3927 1009 4002 jum
1020 3949 1109 4008 supra
1121 3926 1253 3986 laudatis.
