2768 4776
604 368 777 436 ..9,-

193 516 275 588 rint·
298 513 403 611 Apud
417 512 629 586 christianos
640 515 703 611 qui
715 510 850 584 litteras
861 512 1046 603 colebant,
1062 514 1189 586 eadem

194 623 320 719 opinio
330 621 490 693 invaluit.
506 621 730 720 Peripatetici
744 633 847 709 sunt,
860 620 928 691 nisi
941 621 1041 717 quod
1055 620 1190 717 aliquid

196 729 386 828 platonicae
402 729 582 826 elegantiae
597 729 635 799 in
652 728 868 825 scriptorum
884 727 998 799 forma
1019 729 1186 817 retinent,

194 838 362 912 doctores
384 840 457 910 fere
481 861 606 910 omnes
629 859 667 924 v,
691 858 741 924 vr,
769 850 803 905 et
825 860 876 906 vn
895 836 1035 923 saeculi,
1061 840 1190 907 AEneas

194 947 352 1036 Gazaeus,
366 942 557 1040 ,Zacharias
570 939 820 1029 Scholasticus,
846 945 1001 1013 loannes
1021 941 1190 1039 Philopo-

194 1077 274 1142 nus,
286 1058 443 1124 loannes
454 1053 713 1137 Damascenus;
727 1047 958 1144 peripatetica
968 1062 1019 1119 est
1031 1048 1190 1147 philoso-

193 1159 281 1257 phia
295 1157 551 1244 ecclesiastica;
565 1153 801 1253 peripateticae
818 1169 903 1226 sunt
917 1154 1068 1226 haereses
1083 1156 1190 1252 hujus

191 1266 334 1336 aetatis¹.
358 1267 513 1334 loannes
526 1261 703 1359 praecipue
722 1264 984 1350 Damascenus,
1009 1286 1121 1358 quum
1140 1261 1191 1333 lo·

192 1372 306 1468 gicam
317 1369 510 1442 Aristotelis
518 1383 556 1441 ut
564 1370 842 1440 instrumentum
853 1368 1192 1465 theologiaedogmass

191 1481 287 1571 ticae,
313 1495 349 1552 et
372 1479 604 1578 pedisequam
634 1477 718 1549 fidei
746 1477 956 1549 orthodoxae
981 1477 1186 1568 extolleret,

190 1587 486 1660 scholasticorum
499 1587 667 1686 princeps
681 1607 757 1655 nou
774 1585 850 1654 sine
863 1585 943 1679 jure
960 1583 1031 1654 dici
1045 1587 1186 1656 meruit.

188 1696 241 1767 Ita
261 1694 392 1767 facturn
409 1710 449 1766 ut
471 1692 676 1766 Aristoteles
692 1691 751 1763 ille
765 1715 875 1788 quem
894 1695 1014 1762 Patres
1031 1693 1190 1790 primaevi

166 1856 169 1860 -
187 1816 261 1873 tarn
284 1803 515 1875 vehementer
531 1802 794 1898 exagitaverant
809 1813 850 1871 ut
866 1798 1053 1871 haeresium
1070 1815 1190 1872 aucto·

187 1934 281 2000 rem,
301 1909 386 1981 fidei
409 1923 658 2007 propugnator
679 1922 829 2005 repente
851 1907 1040 1997 evaderet,
1061 1923 1186 2005 atque,

188 2032 227 2088 ut
255 2016 373 2088 aiebat
402 2016 571 2114 quidam,
603 2015 758 2088 Ecclesia
784 2014 906 2110 aliquo
930 2039 997 2086 suo
1023 2015 1190 2111 dogmate

189 2125 378 2213 caruisset,
397 2126 427 2195 si
444 2125 647 2196 Aristoteles
663 2148 738 2195 non
755 2124 927 2195 vixisset&

237 2234 352 2304 Series
370 2258 455 2329 ergo
477 2234 649 2305 continua
671 2247 725 2304 est
748 2256 769 2303 a
792 2230 915 2303 schola
940 2232 1025 2303 inde
1049 2233 1189 2304 alexan·

190 2339 295 2412 drina
311 2365 426 2438 usque
444 2340 492 2412 ad
517 2339 641 2437 Syros,
661 2365 682 2413 a
698 2340 794 2437 Syris
810 2340 857 2411 ad
876 2339 1017 2427 Arabas,
1038 2338 1084 2410 ab
1102 2344 1187 2411 Ara·

187 2445 293 2520 bibus
318 2449 365 2520 ad
386 2449 632 2521 scholasticos.
661 2453 784 2546 Neque
813 2448 1038 2536 scholastici,
1071 2469 1188 2544 neque

188 2554 335 2645 Arabes,
347 2581 466 2654 neque
475 2558 554 2653 Syri
562 2556 785 2629 Aristotelem
795 2557 890 2628 ultro
900 2555 968 2628 sibi
980 2556 1188 2651 magistrum

188 2659 264 2732 aliis
277 2678 506 2760 optaverunt,
523 2665 587 2736 sed
600 2679 839 2736 monstratum
853 2665 964 2735 secuti
978 2678 1078 2753 sunt,
1094 2666 1188 2735 Grae-

187 2792 314 2840 corum
336 2770 452 2843 studia
472 2771 626 2870 amplexi
648 2786 754 2869 atque
775 2772 913 2843 imitati.
942 2771 1041 2842 ldem
1070 2772 1187 2843 evenit

186 2877 283 2974 apud
309 2881 482 2951 Armenos
507 2880 569 2976 qui
596 2878 664 2951 suh
685 2880 783 2950 idern
808 2893 949 2976 tempus
967 2880 1005 2949 in
1033 2877 1188 2977 discipli·

186 3007 271 3054 nam
287 2987 495 3057 Graecorum
510 2985 717 3058 educandos
730 3011 768 3058 se
783 2985 1020 3057 tradiderunt.
1038 2990 1084 3056 Ut
1097 2985 1186 3056 nihil

186 3089 305 3162 differt
331 3093 448 3163 David
473 3098 648 3165 Armenus
672 3093 718 3165 ah
746 3093 956 3180 Ammoni0,
983 3092 1182 3190 Simplicia,

186 3195 409 3296 Philopono,
426 3199 526 3297 quod
547 3203 674 3274 attinet
699 3201 746 3271 ad
769 3198 1050 3297 philosophandi
1076 3199 1185 3268 ratio·

186 3328 288 3394 nem,
303 3306 352 3377 ita
367 3307 493 3379 studiis
508 3312 746 3381 armenorum
762 3323 798 3379 et
811 3311 982 3404 Syrorum
997 3306 1102 3377 iacies
1113 3328 1185 3377 una

184 3426 249 3482 est.
271 3413 313 3484 ld
331 3415 440 3486 etiam
463 3413 667 3504 fatendum,
693 3414 932 3505 Aristotelem,
953 3439 1066 3510 quum
1084 3437 1185 3486 veras

223 3594 232 3628 ¹
252 3594 295 3654 Cf.
320 3599 359 3656 Η.
378 3597 480 3655 Ritteri
498 3600 573 3655 Htkt.
592 3599 698 3673 philos.
722 3598 832 3668 christ,
855 3595 929 3655 libro
949 3600 1016 3668 VII,
1041 3615 1104 3674 cap.
1126 3609 1185 3656 ret

184 3701 249 3760 sqq.
263 3689 343 3746 -J,
360 3689 391 3746 F.
408 3686 521 3746 Buddei
541 3687 770 3746 dissertationem
787 3691 832 3744 De
845 3687 993 3745 haeresibus
1008 3707 1046 3742 ea
1059 3687 1182 3762 philoso-

178 3774 253 3849 phia
267 3777 455 3850 peripatetica
469 3785 553 3849 ortis,
573 3776 603 3833 in
620 3775 864 3836 observationibus
881 3776 1047 3835 Halensibus
1065 3779 1180 3852 (1700),

184 3882 214 3939 p.
232 3866 300 3936 tta,
317 3885 379 3942 sqq.
397 3898 435 3912 ·-
450 3868 588 3936 Brucler‚
604 3871 679 3925 Hist.
695 3873 757 3923 crit.
772 3870 891 3942 philos,
908 3881 928 3928 t.
945 3872 998 3940 Ill,
1014 3888 1044 3945 p.
1062 3869 1132 3926 att.

223 3962 233 3999 ²
253 3964 295 4022 Cf.
312 3964 415 4040 Bayle,
430 3981 482 4024 art.
499 3969 632 4038 Aristotc,
648 3979 708 4024 not.
726 3972 749 4024 l.
