2768 4776
588 357 783 427 ...33-

184 522 360 579 secratum
375 508 486 579 ⁴fuisse
503 531 600 578 anno
618 507 718 578 647¹.
749 502 829 574 Aliis
850 501 982 573 dicitur
1006 506 1187 601 episcopus

184 614 345 685 Arabum
362 617 540 698 Telorum,
560 612 615 684 vel
631 613 810 706 episcopus
819 609 1035 704 populorum
1053 612 1188 682 inlumi-

186 739 303 792 tarnm
316 727 338 812 ²,
360 723 396 792 id
414 738 467 794 est
481 721 757 792 christianorum
771 718 834 813 qui
846 717 939 786 inter
955 716 1088 787 Arabas
1105 734 1189 792 ante

185 829 475 903 Muhammedem
500 825 693 922 degebant,
715 847 781 893 nec
802 823 940 911 statim,
958 839 1000 894 ut
1016 824 1188 899 credibile

188 951 261 1025 est,
282 953 365 1035 post
385 936 577 1008 victoriam
595 929 852 1002 Moslemorum
879 953 955 1001 esse
988 930 1184 1005 desierunt.

186 1048 305 1143 Opera
323 1044 488 1142 quaedam
504 1040 648 1135 Georgii
661 1053 836 1109 memorat
846 1043 1085 1129 Assemanust,
1097 1043 1190 1115 inter

185 1177 264 1247 qoae
286 1151 376 1221 illud
399 1173 471 1246 piae
491 1148 623 1218 caeteris
644 1144 923 1216 desiderandum
940 1161 992 1216 est
1013 1171 1189 1242 quocum

186 1258 364 1330 Arabibus
372 1254 575 1353 disputabat
585 1252 630 1324 de
640 1251 840 1350 praestantia
849 1253 1009 1349 ipsorum
1023 1279 1185 1353 poeseos,

187 1378 223 1436 et
239 1364 345 1435 Arabi
362 1363 505 1435 cuidam
522 1361 757 1433 contendenti
778 1359 909 1432 nullius
933 1363 1048 1456 gentis
1064 1380 1189 1460 poetas

188 1470 336 1542 arabicis
358 1493 463 1568 posse
482 1470 685 1565 comparari
702 1468 880 1564 Georgius
905 1471 1013 1564 Syros
1038 1494 1122 1542 suos
1151 1489 1190 1545 ut

186 1577 293 1674 longe
305 1577 574 1650 excellentiores
592 1574 820 1673 opponebat3
833 1576 869 1645 in
885 1577 1120 1672 quoquidem
1131 1582 1190 1652 vix

185 1682 398 1755 crediderim
412 1683 489 1753 fore
501 1698 540 1753 ut
550 1681 584 1753 ei
595 1680 819 1776 suffragarer.
830 1680 1011 1752 Interhaec
1020 1706 1129 1781 opera
1143 1710 1189 1758 ne

185 1816 298 1862 unum
310 1790 458 1887 quidem
468 1805 522 1861 est
531 1787 631 1885 quod
641 1788 908 1887 philosophiam
917 1806 1065 1886 spectet,
1076 1797 1189 1865 Geor·

184 1900 354 1997 ginmque
371 1898 645 1996 peripateticum
659 1895 764 1967 fuisse
777 1921 885 1968 nemo
898 1899 1022 1987 sciret,
1045 1901 1113 1972 nisi
1129 1903 1189 1974 in·

184 2006 285 2102 signe
298 2020 578 2077 monumentum
595 2003 671 2099 ejus
684 2002 835 2075 solertiae
844 2002 967 2101 logicae
977 2010 1190 2081 servavisset

186 2115 297 2185 Musei
315 2114 504 2187 Britannici
518 2112 634 2184 codex
650 2112 783 2201 tt659,
800 2111 930 2183 saeculo
942 2139 992 2182 vn
1009 2132 1185 2188 exaratus.

188 2220 240 2290 lbi
249 2221 588 2293 enimcontinentur
601 2221 806 2316 Cetegoriae,
818 2218 909 2290 liber
918 2224 1190 2317 Interpretatio-

187 2331 256 2415 urs,
268 2327 358 2399 liber
368 2343 518 2424 uterque
533 2326 808 2420 Analyticcrnm
816 2329 994 2422 priorum,
1009 2333 1190 2427 praemisso

186 2437 381 2533 unicuique
392 2435 487 2507 libro
500 2435 675 2532 prooemio
686 2434 919 2532 amplissimo,
929 2436 1192 2536 subjunctoque

185 2541 701 2641 commentario,quaeGeorgii
710 2569 844 2616 nomen
854 2544 983 2616 ferunt.
991 2546 1111 2619 Codex
1123 2549 1191 2619 ini-

188 2652 238 2722 tio
250 2666 285 2722 et
296 2651 368 2724 line
378 2652 525 2723 mutilus
533 2668 585 2723 est
595 2681 605 2742 ;
616 2651 713 2723 unde
720 2654 897 2747 conjicere
906 2653 1192 2752 licetGeorginm

187 2759 294 2831 simili
311 2759 424 2832 modo
441 2774 577 2831 ceteras
593 2775 711 2858 partes
732 2763 881 2859 organi,
896 2777 958 2833 aut
975 2763 1101 2835 saltem
1113 2771 1193 2836 Iau-

183 2892 297 2965 gogen
322 2882 570 2965 pertractasse.
596 2874 692 2939 inter
714 2871 887 2964 Syrorum
910 2875 1192 2945 commentarios

186 2972 327 3046 nullum
343 2975 490 3046 invenio
509 2977 571 3071 qui
587 2975 670 3045 hnic
691 2977 899 3075 aeqniparari
917 2979 1044 3075 possit,
1066 2979 1095 3049 si
1112 3005 1192 3052 mo·

187 3080 259 3151 lem
277 3083 395 3179 operis
409 3097 546 3180 spectes
568 3098 674 3178 atque
691 3098 894 3153 accuratam
911 3087 1116 3180 exponendi
1133 3110 1192 3158 ra.-

189 3187 344 3277 tionem3
363 3189 554 3287 nullusque
573 3190 814 3286 praeferendus
838 3191 916 3279 erit,
943 3193 972 3260 si
995 3193 1195 3286 quamlibet

226 3430 234 3462 ¹
256 3434 367 3488 Assem.
385 3432 460 3490 Bibl.
478 3436 593 3501 orient,
609 3444 629 3487 t.
649 3435 678 3500 1,
698 3451 728 3506 p.
745 3434 815 3490 tta.

224 3542 236 3575 ²
255 3539 346 3613 lbid.,
362 3556 383 3600 t.
400 3547 430 3615 1,
446 3564 475 3622 p.
494 3549 551 3602 tot
567 3558 596 3601 et
610 3547 738 3602 tat-95.
763 3549 797 3601 In
816 3544 916 3603 codice
930 3549 1022 3606 Musei
1037 3547 1195 3608 Britannici

186 3628 297 3706 dequo
311 3650 381 3688 mox
395 3631 500 3706 dicam,
516 3646 637 3693 vocatur
650 3634 736 3690 etiam
753 3636 886 3712 Georgius
898 3636 1039 3694 Jacobita.

226 3743 237 3777 ³
256 3742 416 3804 Addendus
431 3745 477 3806 bis
494 3748 569 3806 foret
586 3767 682 3806 sermo
700 3748 737 3807 de
757 3752 786 3807 S.
808 3749 985 3824 chrismate,
1004 3771 1092 3830 quem
1103 3752 1194 3830 ipsius

186 3833 305 3892 nomine
325 3836 496 3915 inscriptum
516 3840 612 3917 reperi
632 3839 708 3898 inter
727 3839 847 3899 schedas
864 3843 1098 3900 Benaudotianas
1116 3856 1195 3918 'quas

186 3925 317 4000 possidet
329 3926 508 3988 Bibliotheca
520 3943 619 3990 nostra
632 3931 769 3990 Maxima.

1024 4035 1046 4103 3
