2768 4776
605 377 800 442 ..21-

198 529 243 595 Ut
277 524 439 621 lugerent
467 521 531 592 has
560 519 725 591 tenebras
758 519 937 605 lunestas,
974 533 1010 588 et
1042 514 1204 589 viderent

194 631 318 702 lumen
348 629 548 716 excellens,
577 626 682 697 multi
707 650 750 697 ex
780 627 935 722 antiquis
963 627 1072 695 vitam
1101 648 1203 697 suam

195 741 470 840 impenderunt:
496 740 713 808 invenerunt
734 737 831 807 enim
851 760 894 807 ex
917 735 1011 806 curis
1034 734 1204 807 omuibus

195 874 318 922 curam
336 849 447 922 animi
468 847 575 940 longe
600 842 944 915 excellentissimam.
969 844 1088 912 Homo
1107 844 1202 913 enim

196 958 372 1029 exanima
389 971 425 1027 et
441 974 596 1050 corpore
611 949 861 1047 componitur3
876 951 996 1021 anima
1005 973 1092 1020 vero
1103 964 1203 1020 tanto

193 1065 340 1163 corpori
357 1060 523 1160 superior
541 1073 596 1129 est
612 1070 749 1154 quanto
771 1056 948 1128 rationale
968 1071 1110 1156 praestat
1128 1083 1203 1129 nou

194 1171 375 1259 rationali,
399 1184 434 1239 et
450 1166 582 1239 animal
600 1166 675 1237 enti
692 1190 768 1236 non
787 1167 967 1237 animato:
989 1168 1123 1265 quippe
1139 1191 1204 1264 per

195 1279 354 1350 animam
374 1300 475 1345 suam
491 1273 603 1343 homo
625 1287 679 1342 est
697 1272 830 1343 animal
852 1273 1036 1344 rationale.
1057 1271 1203 1346 Cultura

195 1407 282 1454 vero
302 1397 337 1454 et
350 1381 491 1453 ornatio
506 1381 634 1452 animae
653 1395 707 1450 est
729 1380 889 1451 scientia.
912 1381 1066 1451 Scieutia
1083 1398 1203 1453 autern

196 1489 329 1589 duplex
345 1504 420 1561 est:
441 1502 502 1559 aut
528 1510 609 1559 eam
626 1487 741 1558 homo
762 1487 838 1585 ipse
852 1489 978 1585 quaerit
1001 1503 1036 1559 et
1051 1490 1201 1577 invenit,

195 1611 257 1669 aut
273 1622 315 1668 ex
338 1595 543 1692 magisterio
566 1595 706 1692 recipit.
732 1595 972 1691 Magisterium
994 1619 1117 1667 rursus
1138 1595 1204 1683 du·

193 1704 275 1802 plex
293 1717 368 1775 est:
397 1727 512 1774 uuum
535 1701 744 1800 simpliciter
769 1702 815 1774 ab
838 1703 987 1774 homine
1012 1703 1055 1775 ad
1083 1702 1203 1775 homi·

192 1835 277 1882 uem
298 1810 474 1900 defertur-3
505 1808 657 1881 alterum
684 1809 731 1880 ab
753 1809 963 1883 hominibus
992 1809 1200 1898 illustribus,

192 1919 396 2016 apostolatu
414 1919 610 2004 decoratis,
628 1915 853 2015 praedicatur.
873 1918 1031 2014 Magistri
1042 1942 1129 1990 vero
1147 1919 1203 1988 in·

194 2027 386 2098 veniuntur
404 2029 499 2098 inter
515 2051 553 2097 se
569 2049 613 2096 ex
633 2025 786 2098 adverso
808 2042 1021 2125 pugnantes.
1046 2026 1203 2113 Quidam

193 2157 322 2204 eorum
344 2133 471 2204 dicunt
490 2158 605 2204 unum
634 2156 711 2205 esse
732 2138 869 2223 Deum;
900 2134 958 2205 alii
983 2138 1101 2204 Deum
1127 2158 1201 2204 nou

195 2264 270 2311 esse
281 2239 442 2310 unicum.
462 2240 619 2327 Quidam
635 2240 763 2311 dicunt
778 2244 897 2311 Deum
913 2240 1048 2312 habere
1062 2254 1203 2312 contra-

193 2348 264 2436 ria3
289 2347 348 2418 alii
370 2347 408 2418 id
427 2361 573 2443 negant.
603 2347 759 2434 Quidam
784 2344 967 2418 affirmant
988 2370 1072 2417 eum
1090 2349 1203 2418 omni-

192 2469 398 2551 potentem;
419 2454 480 2526 alii
497 2479 581 2526 eum
603 2469 734 2526 cuncta
748 2479 824 2526 nou
840 2477 948 2553 posse
968 2453 1094 2526 facere.
1114 2456 1202 2542 Qui-

123 2625 124 2628 ,
192 2560 277 2632 dam
294 2563 520 2634 contendunt
533 2562 711 2634 mundum
724 2577 758 2634 et
771 2563 894 2633 omnia
911 2557 1040 2660 quaein
1056 2586 1101 2633 eo
1118 2579 1203 2634 sunt

192 2692 270 2739 esse
284 2683 421 2758 creata3
442 2669 501 2741 alii
519 2670 646 2742 volunt
665 2672 788 2743 omnia
805 2695 881 2740 uon
899 2694 974 2742 esse
992 2685 1127 2760 creata3
1147 2685 1201 2742 at·

192 2798 264 2872 que
292 2777 387 2847 inter
405 2776 473 2849 hos
496 2778 555 2849 alii
574 2804 632 2850 res
654 2804 697 2850 ex
722 2779 870 2850 materia
892 2778 1002 2849 lactas
1023 2792 1198 2864 asserunt,

191 2882 250 2953 atii
265 2882 445 2955 mundum
462 2910 530 2956 nec
546 2887 688 2958 initium
704 2886 872 2958 habuisse
890 2911 957 2958 nec
977 2886 1087 2957 finem
1105 2886 1203 2957 habi·

191 3005 314 3061 turum
337 2991 555 3089 opinantur:
576 2993 635 3066 alii
652 2995 754 3066 aliter
770 2996 941 3066 sentiunt.
963 2994 1120 3080 Quidam
1137 3017 1202 3063 vo-

191 3097 271 3169 lunt
285 3099 472 3171 hominem
499 3101 634 3173 habere
662 3100 864 3174 libertatem
887 3103 942 3173 sui
969 3101 1117 3188 arbitrii,
1143 3100 1202 3170 alii

192 3204 276 3275 huic
287 3206 452 3304 opinioni
463 3209 711 3280 adversantur.
731 3213 822 3279 Sunt
840 3208 908 3278 alia
928 3208 1041 3277 multa
1057 3206 1103 3277 de
1120 3207 1201 3302 qui·

191 3311 259 3384 bus
283 3313 389 3387 simili
410 3317 522 3388 modo
546 3318 762 3388 dissentiunt
782 3341 824 3387 ac
842 3341 880 3386 se
907 3316 1061 3386 invicem
1078 3313 1201 3385 redar-

190 3436 316 3516 guunt.
345 3425 571 3522 Impossibile
593 3440 646 3497 est
667 3426 773 3524 igitur
795 3424 939 3495 illorum
964 3423 1087 3494 omnia
1111 3421 1200 3519 dog·

189 3545 286 3602 mata
303 3531 410 3603 simul
428 3532 619 3632 amplecti;
644 3558 763 3629 neque
779 3531 978 3629 quidquam
1004 3529 1101 3603 aliud
1124 3552 1201 3600 res-

188 3650 240 3708 tat
277 3637 345 3707 nisi
373 3652 436 3732 ut,
464 3639 577 3712 altero
597 3632 746 3729 relicto,
770 3665 884 3712 uuum
920 3639 1197 3737 amplectamur,

190 3759 317 3838 atque,
334 3745 447 3818 altero
466 3747 613 3843 rejecto,
630 3774 747 3819 unum
763 3748 948 3847 eligamus.
970 3751 1200 3845 Quapropter

190 3871 336 3920 necesse
370 3867 424 3924 est
461 3869 501 3925 ut
531 3880 792 3951 cognoscamus
823 3855 1010 3955 perspicue
1043 3854 1199 3924 rationes

189 3955 321 4052 quibus
349 3957 461 4031 innixi
489 3963 700 4059 opinionem
727 3990 836 4037 unam
864 3963 1085 4034 dimittamus
1114 3957 1197 4031 altc-
