2768 4776
667 340 862 409 ..43-

264 481 537 570 obtruduntur¹,
558 497 736 580 excerpta,
757 483 873 559 forma
891 499 1010 557 tamen
1029 489 1176 585 paulum
1194 496 1261 562 im·

263 605 411 661 mutata.
428 594 469 660 ln
480 586 604 661 codice
621 591 717 661 enim
736 607 862 663 nostro
878 617 941 690 per
954 598 1168 690 quaestiones
1180 623 1263 695 pro·

262 711 448 794 ponuntur
469 721 547 792 quae
572 695 670 793 apud
693 699 836 768 Graecos
854 696 1122 773 delinitionibus
1147 707 1263 801 expri-

262 817 423 895 muntur,
455 817 561 899 atque
585 804 634 874 ita
649 803 813 874 habitum
835 804 942 900 plane
959 806 1118 879 referunt
1134 809 1264 882 harum

262 909 524 983 Definitionum
547 935 609 981 seu
636 911 964 1006 Interrogationum
985 938 1064 1010 quae
1082 916 1264 989 veteribus

262 1017 393 1090 inlimae
415 1020 524 1089 aetatis
544 1031 732 1115 tantopere
752 1017 973 1114 placebant¹.
1000 1020 1057 1092 Sic
1083 1047 1149 1119 pro
1170 1023 1260 1094 illo:

262 1133 335 1208 Θεὸς
347 1123 420 1209 ζῶον
434 1129 594 1215 ἀθάνατον,
606 1132 749 1221 αὔταρκες
760 1131 832 1222 πρὸς
843 1123 1045 1222 εὐδαιμονίαν,
1055 1132 1140 1199 οὐσία
1148 1127 1261 1219 aldios,

261 1248 317 1314 τῆς
326 1231 476 1330 τ’ἀγαθοῢ
485 1239 598 1329 φύσεως
611 1237 716 1319 αἰτία,
730 1236 839 1328 Syrus
850 1233 961 1305 habet
978 1261 985 1304 :
1005 1266 1021 1300 <t
1040 1235 1140 1307 Plato
1152 1237 1259 1309 dixit:

261 1340 357 1429 Quid
376 1356 429 1412 est
445 1341 578 1413 animal
601 1339 825 1431 immortale,
849 1340 951 1436 quod
969 1341 1129 1415 abundat
1145 1348 1264 1417 omni·

261 1448 328 1520 bus
356 1448 479 1540 bonis,
508 1464 638 1521 natura
668 1462 862 1535 aeternum,
897 1461 932 1517 et
961 1473 1067 1520 causa
1099 1455 1264 1524 omnium

260 1556 464 1629 bonorum?
477 1585 496 1623 a
512 1557 650 1627 Eodem
662 1554 787 1626 codice
797 1554 965 1650 leguntur
977 1560 1162 1652 Praecepto
1172 1561 1263 1630 Plo-

240 1668 355 1749 ιιρηιζς
369 1663 420 1734 od
440 1663 652 1758 discrpulum
674 1687 797 1748 suram,
824 1683 903 1757 quae
928 1685 1039 1756 graece
1058 1687 1135 1733 non
1156 1690 1262 1762 repe-

260 1772 414 1859 riuntur,
443 1769 743 1863 christianamque
768 1766 993 1864 disciplinam
1017 1769 1127 1864 magis
1151 1796 1261 1866 quam

259 1876 478 1973 platonicam
500 1873 669 1945 videntur
687 1872 863 1945 redolere.
892 1873 1092 1947 afferantur
1108 1879 1261 1976 exempli

260 1985 370 2080 gratia
387 1983 495 2082 primi
512 2006 636 2053 versus
656 2008 663 2049 :
689 2010 706 2044 ι(
721 1984 794 2051 Cur
811 1979 924 2051 oculis
939 1981 1010 2052 tuis
1025 1980 1170 2054 difficile
1188 2000 1259 2074 est,

259 2116 464 2188 aegrumque
495 2089 559 2161 tibi
592 2088 734 2159 videtur
762 2088 862 2185 quod
892 2087 1096 2186 praecipiam
1130 2089 1197 2163 tibi
1224 2109 1262 2164 ut

261 2199 367 2270 etiam
380 2198 564 2271 dormiens
576 2196 622 2269 ab
634 2197 797 2269 oratione
809 2221 885 2268 non
899 2196 1070 2270 desistas?
1083 2239 1130 2252 -
1145 2200 1262 2271 Disci-

260 2307 366 2404 pulus
400 2306 486 2379 dicit
514 2335 522 2378 :
556 2304 752 2393 Quomodo
786 2303 848 2375 fiet
886 2305 1008 2376 istud?
1041 2309 1131 2377 Ecce
1165 2309 1262 2379 enim

260 2440 372 2512 quum
387 2415 548 2502 dormio,
565 2428 710 2485 mortuo
723 2412 846 2484 similis
858 2438 950 2485 sum.
965 2414 1161 2501 Quomodo
1176 2439 1260 2510 ergo

260 2523 444 2594 dormiens
472 2547 592 2609 orem,
621 2518 919 2617 quandoquidem
946 2534 1032 2593 tunc
1055 2520 1262 2595 mortalitati

260 2656 348 2704 meae
363 2629 547 2725 subjacere
560 2627 687 2698 videor
697 2626 941 2722 i-Magister
960 2627 1047 2723 dicit
1062 2658 1069 2700 :
1090 2632 1262 2704 Animum

259 2753 363 2809 tuum
380 2735 542 2807 moribus
558 2734 665 2804 bonis
688 2748 723 2804 et
746 2732 909 2805 honestis
925 2735 1122 2808 instrue...
1148 2770 1165 2803 »
1189 2743 1262 2810 Co-

260 2844 339 2916 dice
353 2844 530 2915 ·Vaticano
553 2845 643 2930 459,
662 2841 750 2912 item
766 2839 933 2936 leguntur
956 2842 1176 2915 karsciunice
1200 2844 1261 2937 (id

260 2966 314 3023 est
327 2950 448 3046 lingua
459 2948 615 3040 arabica,
635 2947 699 3018 sed
712 2946 917 3018 charactere
931 2951 1084 3046 syriaco)
1099 2979 1107 3021 :
1121 2955 1262 3022 Monito

259 3042 424 3130 Plutonis
453 3055 504 3127 od
526 3054 756 3127 Aristotelem
781 3053 992 3151 descipulum
1015 3060 1153 3141 round,
1182 3084 1262 3157 quae

259 3168 311 3239 sic
324 3166 502 3263 incipiunt
517 3192 525 3234 :
545 3193 562 3233 a
579 3167 731 3260 Oportet
744 3178 784 3234 ut
796 3188 992 3259 cognoscas
1005 3168 1121 3236 Deum
1136 3181 1259 3256 tuum,

299 3377 309 3411 ¹
329 3380 362 3434 V.
381 3395 451 3454 opp.
469 3387 490 3431 t.
505 3377 550 3444 X,
566 3372 636 3431 edit.
652 3372 789 3442 Behkeri,
804 3371 939 3430 Londini.

300 3475 311 3508 '
329 3474 398 3532 Illas
412 3473 476 3531 dico
492 3472 693 3530 altercationes
707 3469 829 3551 Epicteti
844 3482 873 3526 et
890 3470 1022 3542 Adriani,
1037 3470 1158 3529 Adriani
1172 3486 1201 3530 et
1213 3476 1262 3531 Se-

260 3562 365 3633 cundi,
380 3561 474 3638 Pipini
485 3573 514 3618 et
528 3559 626 3618 Albini
642 3559 822 3630 scholastici,
838 3571 907 3630 ete,
922 3579 1045 3636 quarum
1060 3559 1191 3640 syllogen
1202 3564 1262 3620 Fa-

260 3651 369 3710 bricius
387 3649 553 3726 compilavit
566 3649 652 3722 (Bibl.
666 3671 725 3726 gn,
743 3662 764 3704 t.
778 3650 874 3721 XIII).
890 3649 982 3707 Multa
995 3661 1062 3707 sunt
1075 3649 1161 3708 etiam
1174 3651 1262 3725 hujus

261 3742 376 3822 generis
389 3738 468 3817 apud
483 3737 664 3798 Athenaeum.

301 3840 375 3901 ⁸Cf.
399 3844 524 3910 Assem,
549 3842 641 3897 catal.
663 3841 744 3896 codd.
766 3838 832 3896 bibl.
860 3852 933 3907 vat„
960 3852 981 3896 t.
1002 3843 1061 3912 111,
1080 3860 1110 3918 p.
1132 3843 1200 3900 tlt.
1221 3872 1261 3886 -

261 3929 416 3999 Wenrich,
430 3947 478 4004 op.
497 3926 559 3998 cit.‚
575 3947 603 4005 p.
620 3931 687 3984 III.
786 3953 791 3964 ·
