2768 4776
659 336 852 405 ...68-

258 479 352 564 ltin,
381 495 465 567 etc,
486 482 546 574 qui
567 505 644 549 titos
668 479 891 550 versificandi
920 481 1016 577 apud
1044 483 1150 575 Syros
1180 506 1255 551 non

259 588 455 658 admodum
475 614 575 660 rarus
592 593 675 660 est¹.

308 701 491 784 Praeterea,
508 722 580 767 nou
593 722 706 795 pauca
717 712 950 768 monumenta
961 697 1172 769 eruditionis
1182 697 1258 792 phi·

258 804 449 902 losophicae
464 804 661 875 Barhebraei
679 805 848 875 exhibent
870 830 979 903 opera
996 805 1070 899 ejus
1090 805 1258 876 historica

257 913 343 1000 dun,
360 913 523 984 videlicet
539 912 737 983 Chronicon
751 913 885 1008 syriace
898 928 934 983 et
952 915 1112 982 Historia
1127 911 1258 1006 dynas-

257 1025 389 1090 tiarum
406 1020 556 1092 arabice.
573 1021 705 1092 Sedulo
720 1022 817 1092 enim
829 1021 875 1092 ad
890 1043 1181 1116 unamquamque
1195 1021 1259 1116 dy—

256 1119 406 1199 nastiarn
427 1128 556 1199 referre
578 1122 678 1198 curat
703 1127 861 1223 singulos
879 1125 1114 1224 philosophos
1131 1127 1194 1221 qui
1215 1151 1258 1199 ea

257 1251 465 1332 tempestate
499 1235 710 1306 floruerunt.
740 1239 957 1331 Temporum
990 1233 1136 1330 quidem
1168 1238 1257 1313 ratio

257 1368 330 1412 non
357 1368 438 1413 raro
462 1342 602 1414 turbata
627 1356 698 1431 est,
725 1341 921 1438 fabulaeque
948 1343 1072 1412 inanes
1103 1343 1257 1413 recitan-

257 1465 338 1521 tur:
359 1450 471 1521 nihilo
492 1451 607 1522 secius
629 1448 814 1521 fatendum
837 1463 889 1520 est
905 1448 954 1518 ibi
978 1450 1161 1520 scientiam
1180 1475 1256 1520 non

252 1557 474 1631 mediocrem
503 1557 739 1655 philosophiae
762 1560 892 1628 Graecae
912 1557 1071 1653 reperiri.
1098 1561 1151 1626 De
1178 1571 1255 1628 tota

185 1704 190 1711 ·
256 1668 392 1737 ratione
405 1666 511 1762 hujus
521 1665 759 1764 philosophiae
772 1665 855 1736 audi
868 1663 986 1761 ipsum
1001 1665 1251 1736 disserentem:

258 1803 275 1840 a
290 1776 385 1845 Scias
396 1773 630 1871 philosophos
639 1775 701 1870 qui
714 1773 760 1843 de
771 1797 890 1843 rerum
902 1773 1085 1871 principiis
1105 1771 1253 1867 inquisi-

255 1896 384 1951 verunt
406 1879 518 1951 dividi
538 1882 574 1949 in
597 1880 798 1979 profanos¹,
816 1880 995 1951 naturales
1014 1894 1049 1951 et
1068 1879 1252 1975 theologos

254 1987 329 2080 (seu
350 1987 639 2087 metaphysicos).
655 1988 797 2059 Profani
813 2002 908 2059 secta
922 2003 1009 2058 sunt
1019 1989 1250 2085 antiquorum

254 2096 316 2190 qui
329 2095 466 2167 mundo
480 2094 704 2166 conditorem
716 2109 751 2164 et
761 2094 1038 2191 gubernatorem
1053 2121 1129 2167 esse
1146 2121 1253 2192 nega·

254 2218 352 2289 runt,
367 2203 583 2274 affirmantes
601 2227 786 2299 uunquam
799 2229 873 2275 non
886 2205 1059 2276 exstitisse
1076 2205 1255 2275 mundum

255 2337 319 2408 per
332 2336 369 2382 se
383 2337 403 2383 a
416 2311 515 2383 nullo
531 2311 661 2410 opifice
677 2313 877 2384 conditum.
894 2313 1075 2385 Naturales
1092 2328 1176 2383 sunt
1194 2315 1255 2410 qui

256 2435 464 2490 naturarum
480 2421 637 2492 actiones
655 2434 690 2490 et
704 2422 901 2518 passiones,
914 2435 949 2490 et
966 2444 1044 2516 quae
1060 2444 1102 2489 ex
1122 2423 1255 2492 mutuis

256 2515 379 2599 earuin
390 2528 589 2599 actionibus
599 2530 776 2612 oriuntur,
789 2530 906 2600 rimati
915 2544 1010 2614 sunt,
1024 2543 1059 2600 et
1067 2553 1145 2624 quae
1155 2529 1255 2627 plan·

257 2638 300 2707 tis
322 2638 560 2733 'proprietates
594 2637 686 2721 sint,
733 2661 812 2732 quae
844 2635 1050 2707 animalium
1085 2637 1255 2724 membris

257 2743 484 2837 compositio,
497 2742 730 2836 indagarunt,
745 2747 822 2813 Deo
833 2743 984 2838 gloriam
994 2743 1204 2831 tribuentes,
1219 2763 1254 2815 et

257 2847 472 2919 affirmantes
481 2871 564 2917 eum
574 2861 772 2943 potentem,
789 2850 985 2945 sapientem
994 2864 1029 2918 et
1039 2852 1251 2940 omniscium

255 2981 350 3043 esse,
367 2955 434 3024 nisi
451 2954 550 3050 quod
568 2954 723 3024 animam
745 2978 916 3025 unacum
935 2978 1086 3051 corpore
1108 2956 1252 3026 interire

257 3089 322 3134 nec
344 3063 567 3159 superstitem
595 3086 669 3132 esse
693 3061 899 3158 opinantur.
913 3059 1084 3159 'lheolngi
1107 3063 1252 3135 tandem

245 3174 332 3268 (seu
350 3170 596 3268 metaphysici)
610 3169 865 3268 appellantura
883 3171 1024 3242 Graeciae
1037 3169 1254 3268 sapientibus

161 3361 167 3373 .
256 3283 317 3378 qui
336 3281 392 3351 his
404 3295 564 3377 tempore
582 3278 796 3375 posteriores
812 3279 921 3367 luere,
941 3279 1064 3376 quales
1075 3282 1251 3366 Socrates,

258 3389 412 3460 Platonis
431 3404 639 3484 praeceptor,
656 3401 689 3456 et
709 3384 805 3457 Plato
825 3385 1031 3456 Aristotelis.
1052 3386 1253 3457 Aristoteles

296 3575 303 3606 ¹
325 3571 463 3648 Exempla
477 3570 600 3647 plurima
615 3569 740 3642 ejusdem
757 3568 869 3648 generis
884 3567 1028 3625 habentur
1041 3568 1072 3624 in
1085 3567 1183 3625 codice
1194 3571 1253 3625 Va·

255 3664 349 3722 ticano
367 3665 436 3718 att.

293 3755 304 3788 ²
326 3753 465 3819 nutriata,
482 3750 566 3808 idest
580 3747 727 3819 mundani,
744 3763 810 3808 sunt
824 3748 901 3826 apud
914 3747 1024 3806 Arabas
1036 3761 1112 3805 secta
1122 3747 1252 3804 virorum

241 3843 427 3922 impiorum,
452 3841 634 3916 animamque
658 3841 753 3917 perire
775 3837 963 3897 credentium.
985 3843 1027 3896 lta
1044 3837 1249 3916 lexicographi.

258 3933 332 4010 (vid.
348 3936 483 4009 Freytag,
499 3936 574 3988 Dict.
591 3929 671 3989 arab.
689 3935 753 4001 tac,
770 3949 791 3987 s.
808 3929 839 3991 h.
853 3933 896 4000 v.)
