2768 4776
118 2066 137 2111 ὶ

588 382 781 453 ..13-

189 528 301 599 teticis
329 529 502 625 originem
532 525 722 601 ducebant.
752 531 829 599 Mos
857 526 916 598 hic
942 530 1118 627 praeoipue
1146 531 1183 600 in

188 634 308 706 Cilicia
333 650 368 707 et
397 636 497 732 Syria
527 634 704 725 invaluit,
735 634 798 706 ubi
827 636 1051 707 nestorianus
1084 661 1185 708 error

188 743 291 838 quasi
313 743 450 815 radices
468 766 609 839 semper
631 740 769 813 habuit.
796 743 853 813 Sic
880 757 961 815 ante
982 744 1185 815 Nestorium

188 849 350 920 videmus
366 854 611 936 Artemonem,
630 848 779 917 Paulum
792 850 1087 937 Samosateusem,
1101 853 1187 922 Dio·
1211 904 1215 909 -

189 956 320 1028 dorum
356 962 590 1040 Tarsensem,
625 953 856 1025 Theodorum
896 957 1187 1053 Mopsuestenum

188 1063 352 1136 eamdem
391 1064 464 1133 fere
498 1060 699 1131 doctrinam
732 1058 859 1131 eadem
895 1079 1187 1158 argumentorum

188 1173 329 1242 ratione
347 1183 501 1239 tuentes.
524 1164 696 1238 Eusebius
719 1169 949 1239 Artemonem
977 1184 1013 1240 et
1038 1172 1187 1245 Paulum

189 1281 473 1348 samosatensem
488 1274 658 1345 acerrime
676 1274 906 1371 reprehendit
931 1276 1031 1374 quod
1043 1280 1188 1353 ‘Aristo-

189 1383 297 1454 telem
324 1398 360 1455 et
383 1381 668 1479 Theophrastum
691 1383 841 1454 nimium
868 1385 1106 1482 suspicerent,
1129 1404 1185 1480 et,

191 1492 453 1588 scripturarum
475 1487 699 1589 simplicitate
716 1491 928 1588 postposita,
947 1517 1013 1589 per
1028 1494 1188 1592 syllogis-

190 1586 268 1669 mos
286 1599 408 1671 lucum
432 1597 548 1669 facere
574 1596 799 1668 auditoribus
821 1597 997 1672 malleut¹.
1023 1602 1189 1675 Theodo-

189 1729 249 1776 rus
264 1709 552 1803 Mopsuestenus,
568 1719 655 1777 teste
671 1707 903 1796 Sozomeno²,
918 1707 1100 1785 doctrinas
1111 1710 1190 1809 phi·

186 1810 426 1910 losophorum
444 1813 606 1910 apprime
629 1811 791 1885 callebat.
818 1813 1063 1890 Theodoretus
1080 1821 1186 1917 Cyri,

188 1922 250 2016 qui
275 1920 471 1993 Antiochiae
500 1921 652 1992 Nestorii
681 1920 948 2021 condiscipulus
978 1924 1113 2018 luerat,
1143 1928 1190 2002 ad

188 2028 323 2100 calcem
350 2027 483 2123 dialogi
513 2028 570 2099 cui
599 2027 721 2099 titulus
749 2026 947 2126 Ἐρανιστής,
974 2037 1191 2109 lucamatio.

189 2159 275 2206 nem
300 2135 432 2206 Christi
463 2159 527 2233 per
547 2134 768 2233 syllogismos
793 2137 1062 2214 demonstravit.
1089 2143 1191 2217 ldem

189 2241 437 2314 Theodoretus
465 2241 683 2317 dialecticam
709 2245 874 2319 laudibus
899 2249 1021 2321 multis
1048 2250 1187 2323 ellert³.

187 2354 275 2421 Tota
300 2349 376 2421 haec
394 2348 518 2423 schola
534 2353 803 2451 theologorum,
831 2371 869 2428 ut
887 2355 1008 2447 vides,
1032 2383 1113 2455 syra
1137 2373 1191 2430 est

188 2473 224 2529 et
245 2457 343 2545 cilix;
364 2458 490 2529 eadem
512 2473 547 2530 et
562 2462 807 2562 peripatetica,
831 2480 937 2563 atque
955 2467 1038 2538 ideo
1056 2466 1192 2564 longis·

189 2566 279 2634 sime
308 2564 448 2636 diversa
472 2565 518 2637 ab
541 2568 663 2643 indole
684 2575 827 2644 Patrum
844 2574 1103 2673 Cappadociae,
1129 2573 1195 2671 qui

190 2670 258 2743 alia
275 2696 424 2768 prorsus
441 2672 668 2776 philosophia
684 2681 890 2754 utebantur.

240 2783 356 2850 Nemo
372 2803 458 2875 ergo
475 2783 659 2859 mirabitur
674 2803 710 2860 et
730 2790 993 2861 nestorianismi
1016 2804 1052 2861 et
1068 2789 1201 2861 aristo·

190 2885 321 2958 telismi
351 2885 519 2961 eumdem
539 2891 645 2967 l'uisse
669 2895 896 2968 conditorem
923 2895 1021 2993 apud
1047 2894 1204 2967 Edesse-

188 3017 272 3081 nos,
292 3018 424 3092 nempe
441 2995 539 3070 lham
554 3001 656 3074 illum
678 3004 954 3077 celeberrimum
981 3003 1019 3072 in
1048 3016 1205 3073 contro·

191 3100 315 3170 versiis
332 3099 450 3171 saeculi
466 3107 519 3176 ν’.
536 3110 589 3179 De
609 3134 683 3207 quo
703 3111 779 3182 haec
803 3108 911 3180 refert
933 3105 1142 3199 Ebedjesu,
1167 3107 1208 3176 in

231 3313 241 3347 ¹
262 3316 337 3370 Hert.
352 3319 462 3390 eccles,
476 3318 528 3380 lib.
541 3327 576 3396 v,
586 3345 652 3404 cap.
667 3343 774 3394 xxvm,
787 3341 866 3400 sqq.;
875 3318 930 3377 lib.
941 3321 1011 3389 vn,
1025 3337 1096 3397 cap.
1112 3338 1211 3395 xxm,

191 3422 254 3482 sqq.
272 3403 354 3478 (edit.
370 3407 558 3494 Heinichen).

230 3504 243 3537 ’
261 3503 325 3562 Lib·
342 3509 423 3580 VIII,
437 3529 500 3589 cap.
517 3533 540 3571 u
552 3519 593 3593 (p.
611 3515 683 3585 326,
698 3511 768 3569 edit.
783 3512 821 3565 H.
839 3504 976 3580 Valesii).

231 3604 242 3639 ⁸
254 3605 340 3682 Apud
353 3610 529 3686 Lanuuium,
543 3614 565 3672 l.
582 3636 610 3672 e.

232 3704 243 3738 ⁸
261 3705 330 3764 Viro
343 3706 380 3764 cl.
396 3711 542 3788 Stephano
554 3713 744 3787 Quatremere
757 3705 893 3766 assentiri
907 3724 973 3762 non
988 3725 1138 3784 possum,
1155 3705 1225 3762 dum

191 3794 272 3852 Ibam
292 3794 369 3854 idem
390 3812 471 3877 putat
493 3821 597 3862 sonare
617 3816 705 3881 atque
728 3797 812 3855 Abba
833 3798 985 3868 (Journal
1008 3797 1067 3851 des
1087 3798 1226 3857 Savants,

193 3887 289 3958 taso,
307 3907 335 3964 p.
352 3889 437 3966 365).
461 3892 601 3951 Scribitur
622 3890 700 3950 enim
719 3887 833 3964 syriace
855 3883 974 3955 lehibo,
999 3881 1089 3958 quod
1116 3901 1155 3940 ex
1175 3875 1231 3936 ali!

191 3973 288 4034 radice
302 3975 462 4037 derivatur.
