2768 4776
589 340 783 410 ..42-

188 483 297 570 ries¹,
315 496 355 553 ut
372 484 459 554 certi
479 482 678 580 quidquam
695 482 845 554 definire
862 483 1081 580 nonausim.
1107 489 1193 555 Post

187 590 287 663 illum
297 615 383 662 vero
398 592 712 682 commentarium,
729 594 791 689 qui
804 593 877 664 lere
892 594 940 667 28
954 593 1093 690 paginis
1107 617 1194 665 con·

186 713 273 787 stat,
290 698 529 795 fragmentum
551 700 702 781 alterum
719 703 880 798 sequitur
895 699 972 795 (fol.
990 700 1072 796 63),
1091 701 1194 798 quod

187 807 399 904 inscriptum
415 822 468 878 est
484 835 492 878 :
516 810 800 881 Commentarius
816 807 1095 880 Introductrbruir
1106 812 1195 879 Por·

181 913 712 1012 phyriiplu'losopbi,sactruah
720 915 866 987 homine
874 918 1017 987 amnti
1028 915 1191 1006 laboris',

186 1021 275 1107 Quis
296 1021 354 1094 hic
379 1028 544 1096 Φιλόπονον
566 1048 641 1095 non
660 1023 787 1095 sidet?
813 1025 872 1101 Sic
897 1023 1042 1121 incipit:
1062 1052 1082 1092 u
1102 1027 1195 1111 Quae

186 1152 272 1224 ergo
289 1129 398 1203 docet
408 1157 475 1203 nos
488 1131 549 1203 hic
564 1147 732 1205 tractatus
746 1147 832 1212 sunt
846 1131 924 1211 hac
939 1158 948 1201 :
969 1133 1050 1228 quis
1069 1133 1115 1203 sit
1128 1130 1195 1229 qui

186 1239 326 1335 scripsit
339 1239 435 1312 hanc
443 1245 629 1336 isagogen,
638 1240 686 1314 ad
699 1265 809 1337 quem
824 1240 1004 1338 scripserit
1015 1263 1160 1311 eam...
1174 1270 1192 1306 s

187 1346 299 1439 Paulo
313 1364 396 1445 post
412 1349 491 1444 (tol.
507 1347 678 1445 65)subit
688 1349 930 1444 fragmentum
939 1349 1092 1421 alterum
1101 1347 1197 1445 epiu-

185 1450 266 1524 dem
284 1458 452 1546 auctoris,
474 1470 513 1528 ut
535 1457 601 1529 fert
622 1455 757 1545 titulus,
776 1456 935 1552 itemque
952 1454 1000 1527 ad
1016 1458 1194 1554 Isagcgcu

185 1563 382 1659 pertinens,

237 1671 375 1743 Eodem
391 1672 517 1747 codice
530 1673 610 1769 (fot.
636 1672 697 1764 11)
713 1671 841 1767 legitur
861 1670 942 1741 Vita
957 1670 1076 1743 brevis
1094 1672 1193 1753 hris-

186 1777 304 1851 totelis
317 1803 427 1875 quarn
446 1805 489 1853 ex
506 1780 698 1869 Ammonio
711 1777 938 1874 desumptam
954 1776 1077 1851 scribit
1095 1783 1194 1857 Asse·

187 1908 338 1975 manus3
366 1911 442 1958 non
470 1889 499 1957 is
525 1887 675 1983 quidem
700 1899 809 1956 recte.
835 1887 997 1973 Etenim,
1026 1888 1193 1983 quamvis

186 1993 257 2063 vita
271 1992 343 2080 illa,
358 2019 438 2092 quae
446 1994 621 2093 pagellam
634 2018 743 2065 unam
759 2019 833 2066 non
847 1992 984 2092 implet,
999 1993 1113 2067 multa
1125 1993 1192 2073 ha·

185 2098 269 2177 beat
285 2103 493 2177 communia
510 2127 594 2175 cum
614 2102 863 2193 Ammoniana,
884 2125 960 2175 non
978 2101 1029 2171 illi
1040 2101 1192 2179 similior

185 2207 258 2280 dici
274 2225 392 2306 potest
407 2236 516 2307 quam
527 2211 640 2282 cuivis
657 2209 718 2281 alii
730 2208 862 2284 harum
876 2210 1039 2283 Vitarum
1048 2210 1191 2287 Aristo-

184 2315 265 2388 telis
276 2343 356 2415 quae
369 2319 467 2417 apud
483 2335 622 2392 veteres
634 2317 986 2392 circumferebantur.
1010 2315 1190 2395 Abulfara·

185 2425 281 2522 gius⁸
299 2452 340 2499 ea
363 2452 443 2524 quae
465 2426 512 2501 de
533 2426 720 2501 Aristotele
741 2441 864 2498 narrat
886 2450 929 2497 ex
942 2426 1074 2496 eodem
1092 2423 1186 2505 fonto

184 2533 326 2606 videtur
344 2535 518 2610 hausisse.
1166 2592 1169 2601 ·

232 2646 360 2715 Cetera
377 2668 488 2740 opera
504 2642 699 2717 Aristotelis
717 2641 818 2739 quod
838 2655 993 2738 spectat,
1017 2642 1073 2713 vix
1091 2642 1188 2738 ipso·

185 2773 267 2821 rum
289 2750 410 2822 titulos
439 2752 515 2846 Syri
541 2764 690 2838 norunt,
716 2765 777 2821 aut
801 2774 880 2845 quae
903 2749 970 2825 suh
998 2749 1052 2820 his
1080 2749 1190 2823 titulis

185 2857 441 2929 circumierunt
460 2859 646 2955 opuscula,
662 2856 872 2953 nechotrpata
889 2873 984 2927 sunt.
1005 2861 1033 2926 E
1051 2858 1189 2953 syriaco

185 2989 330 3053 versum
353 2965 411 3036 hic
428 2990 612 3064 apponere
628 2966 751 3036 censui
769 2964 932 3036 scholion
953 2963 1054 3062 quod
1071 2965 1108 3035 in
1125 2989 1188 3036 co·

185 3073 324 3144 dicihus
350 3073 519 3145 Vaticano
540 3074 610 3146 158
628 3072 706 3168 (101.
726 3074 811 3169 26),
834 3071 994 3144 Mediceo
1013 3072 1098 3161 196,
1118 3076 1189 3143 Pa·

162 3168 324 3254 'risiensi
343 3183 407 3255 161
431 3182 509 3279 (fol.
532 3181 594 3277 to)
612 3180 752 3277 legitur,
772 3180 985 3277 exhibetque
1002 3179 1109 3251 nobis
1128 3203 1189 3250 ca·

224 3390 233 3423 ¹
255 3393 290 3446 V.
307 3389 431 3449 Fabricii
444 3389 521 3448 Bibl.
530 3411 574 3468 gr.
586 3389 671 3462 (edit.
687 3391 822 3463 Harles),
836 3403 856 3448 t.
869 3393 904 3459 V,
917 3389 1086 3469 prosata
1096 3412 1105 3458 ;
1114 3399 1136 3451 t.
1146 3389 1187 3459 X,

208 3526 215 3541 .
232 3483 301 3539 645.
1049 3533 1054 3538 ,

184 3500 204 3557 p
224 3581 235 3614 ¹
255 3585 430 3641 Assemanus
446 3581 534 3653 (Bibl.
548 3589 663 3651 ortem„
680 3595 700 3638 t.
718 3585 771 3654 ΙΙΙ,
783 3593 858 3659 part.
870 3585 909 3650 ΙΙ,
921 3601 950 3659 p.
963 3600 1068 3651 cxxnr,
1080 3579 1130 3638 lin.
1145 3584 1187 3655 t),

184 3670 262 3729 hunc
276 3669 414 3746 loquendi
426 3671 544 3729 modum
558 3673 671 3728 rahmai
683 3676 757 3728 amlo
771 3691 824 3749 per
835 3678 946 3746 pietate
959 3674 1080 3748 insignes
1093 3671 1189 3729 inter-

184 3773 325 3837 pretatur.
348 3760 496 3820 Michaelis
524 3774 638 3832 autem,
664 3780 692 3837 p.
716 3762 774 3818 656
796 3762 894 3820 Lexici
908 3761 1027 3839 syriaci,
1044 3774 1137 3832 recte,
1157 3773 1189 3820 ut

185 3851 301 3929 opinor,
316 3850 379 3907 vult
393 3847 476 3909 reddi
493 3852 644 3929 φιλόπονον.

224 3950 235 3984 ¹
257 3956 346 4025 Dyn,
363 3973 391 4029 p.
409 3953 498 4010 ott-60
514 3951 592 4022 (edit.
611 3951 759 4022 Pococlre).
