2768 4776
673 319 868 386 ..13-

268 464 340 536 lem
361 464 488 534 melius
512 462 665 533 ebibisse
686 490 798 561 qnam
816 468 1078 540 Demosthenes
1099 467 1286 567 Thucydi-

270 571 374 659 dem,
412 571 676 670 platonicisque
711 571 941 671 dogmatibus
977 577 1069 648 adeo
1106 577 1286 651 refertum

179 696 181 701 ’
270 679 511 750 fuissentne
542 681 693 750 Timaeus
719 680 867 777 quidem
899 683 977 779 ejus
1004 684 1284 781 intelligentiam

271 786 418 883 fugerit,
436 787 499 858 sed
515 812 634 885 neque
648 787 823 880 Phaedon,
843 815 962 888 neque
977 796 1141 891 Gorgias,
1158 818 1285 890 neque

270 895 363 967 alius
381 896 570 992 quisquam
595 921 637 966 ex
662 896 940 991 elegantioribus
958 913 995 970 et
1015 899 1285 975 difficilioribus

271 1004 382 1101 ipsius
409 1002 577 1101 dialogis,
606 1004 812 1098 cujusmodi
834 1006 992 1078 arbitror
1018 1023 1071 1079 est
1087 1015 1283 1082 Parmeni-

269 1110 343 1181 des.
361 1142 377 1175 »
395 1113 529 1209 Opinio
544 1127 665 1183 autem
679 1128 766 1183 tunc
783 1115 956 1210 temporis
968 1116 1169 1189 invaluerat
1181 1120 1286 1215 apud

270 1220 436 1290 homines
453 1245 603 1291 suorum
620 1220 809 1316 aequalium
830 1237 865 1292 et
879 1221 1081 1294 christianae
1097 1225 1287 1319 religionis

271 1354 415 1416 osores,
453 1330 597 1400 Persida
626 1354 747 1400 veram
777 1329 970 1426 imaginem
1008 1333 1177 1405 exhibere
1213 1339 1287 1407 rei-

272 1439 422 1537 publicae
454 1438 617 1512 moribus
659 1465 700 1511 ac
735 1440 910 1536 regimine
944 1442 1126 1539 perlecta,
1164 1445 1287 1541 qualis

270 1548 454 1645 legebatur
479 1548 516 1618 in
543 1546 690 1636 Indicis,
718 1548 942 1644 AEtln'opr'cir,
975 1549 1124 1648 aliisque
1149 1549 1287 1627 fabulis

271 1655 418 1741 milesii,
440 1670 480 1725 ut
495 1657 605 1752 vulgo
628 1655 771 1739 dicitur,
800 1657 960 1750 generis,
985 1683 1066 1754 quae
1094 1685 1162 1757 pro
1186 1662 1288 1732 veris

272 1764 560 1861 accipiebantnr;
581 1778 620 1833 nt
638 1763 757 1835 solent
774 1763 942 1835 homines
966 1770 1122 1863 Campos
1138 1768 1175 1838 in
1193 1768 1287 1839 lon-

272 1873 407 1969 ginquo
430 1871 568 1969 Elysios
589 1871 780 1958 somniari,
811 1869 873 1942 ubi
897 1872 1086 1969 praesentia
1119 1872 1175 1943 vel
1200 1872 1287 1948 loca

272 1981 328 2053 vel
347 1996 512 2077 tempora
535 1978 734 2076 displicent.
772 2009 789 2044 α
811 1980 1088 2073 Existimabam,
1114 1981 1164 2053 ait
1190 1987 1287 2079 Aga-

272 2088 387 2178 ahias,
411 2089 587 2186 persicam
603 2086 831 2186 disciplinam
849 2088 957 2184 longe
974 2090 1283 2185 praestantiorem,

271 2200 369 2271 hisce
395 2198 563 2270 videlicet
598 2197 707 2269 rebus
735 2223 864 2295 quaea
897 2198 1019 2270 multis
1054 2199 1285 2272 celebrantur

272 2308 433 2407 persuasi
445 2306 543 2405 apud
559 2311 682 2378 Persas
693 2307 936 2405 principatum
948 2308 1190 2404 aequissimum
1200 2333 1282 2379 esse

272 2432 307 2490 et
324 2416 468 2519 qualem
485 2418 584 2487 Plato
601 2415 792 2504 describit,
813 2415 1045 2513 philosophia
1062 2432 1097 2488 et
1110 2439 1220 2511 regno
1238 2415 1276 2485 in

272 2550 387 2597 unum
404 2525 658 2622 conspirante3
678 2523 815 2620 probos
829 2548 918 2594 vero
936 2547 978 2595 ac
996 2525 1178 2596 modestos
1192 2521 1279 2593 sub-

273 2634 387 2720 ditos,
408 2631 472 2703 sed
486 2655 605 2726 neque
622 2629 717 2700 sures
732 2630 783 2701 ibi
802 2630 917 2720 nasci,
939 2655 1058 2727 neque
1075 2628 1278 2730 praedoneS,

273 2765 391 2836 neque
410 2740 479 2812 alia
499 2738 659 2810 facinora
674 2751 935 2836 perpetrantes.
956 2740 1024 2807 Hir
1040 2741 1160 2836 itaque
1181 2736 1285 2809 rebus

273 2866 315 2919 ur
326 2852 415 2920 verit
425 2849 595 2918 exciti...
612 2846 896 2945 »simplicissimi
913 2844 1125 2919 hominum!
1148 2849 1185 2917 in
1204 2850 1285 2917 Per·

273 2958 388 3028 sidem
413 2955 565 3053 profecti
590 2970 690 3025 sunt.
726 2960 769 3025 At
793 2969 968 3052 quantum
993 2955 1120 3026 mutati
1146 2954 1282 3045 animi,

273 3090 386 3162 quum
403 3087 524 3161 regem
548 3062 742 3135 barbarum
761 3087 803 3134 ac
828 3087 946 3135 mores
966 3078 1007 3135 ut
1029 3062 1125 3160 apud
1153 3064 1285 3135 Orien·

274 3174 361 3246 tales
380 3174 453 3244 lere
476 3174 566 3244 solet
587 3172 756 3243 atrociter
781 3196 893 3243 saevos
916 3172 1065 3271 propius
1088 3168 1280 3242 videruntl

271 3285 444 3355 Graeciam
463 3280 702 3379 philosophiae
717 3280 894 3352 infensam
912 3281 1046 3351 Persidi
1064 3304 1101 3352 se
1126 3281 1283 3351 amicam

273 3414 315 3462 ac
331 3392 497 3462 tutricem
514 3387 698 3486 profitenti
716 3388 960 3485 praetulerunt.

323 3497 401 3592 Syri
430 3496 628 3567 nestoriani
664 3495 767 3568 sedes
800 3492 999 3566 stabiliores
1031 3518 1141 3592 quam
1178 3495 1285 3593 graeci

273 3600 483 3702 philosophi
511 3602 608 3699 apud
635 3608 759 3674 Persas
780 3617 1023 3698 sumpserunt.
1049 3607 1146 3673 lnter
1168 3602 1285 3702 philo·

275 3709 410 3808 sophos
432 3708 494 3805 qui
515 3709 635 3780 aulam
659 3709 831 3779 Chosrois
852 3709 1043 3800 ornabant,
1074 3737 1198 3808 syrum
1212 3711 1284 3783 ho·

275 3820 411 3889 minem
456 3816 659 3888 invenimus
695 3816 887 3903 Uranium,
925 3832 1029 3889 sectae
1061 3819 1284 3891 aristotelicae

276 3927 474 4015 addictum,
498 3925 671 4021 cujusque
693 3922 954 4022 disputationes
975 3951 1099 4001 coram
1117 3954 1199 4026 rege
1218 3927 1283 3999 ha-
