2768 4776
289 852 333 903 De
353 849 445 903 studio
466 833 790 916 litterarum'graecarum
810 843 890 915 apud
909 843 1001 912 Syros.

192 1026 363 1120 Syrorum
380 1044 466 1113 gens
478 1023 545 1086 n'ec
556 1016 713 1112 ingeni0,
729 1039 796 1086 nec
813 1016 847 1108 vi
864 1040 1060 1108 armorum,
1075 1044 1142 1091 nec

144 1131 251 1202 rebus
268 1131 305 1200 in
322 1126 472 1196 historia
488 1124 606 1221 gestis,
627 1121 826 1193 admodum
837 1121 975 1194 claruit.
992 1126 1142 1220 Syriacae

143 1236 274 1308 indolis
291 1232 478 1331 proprium
495 1256 536 1303 ao
552 1229 731 1328 peculiare
748 1245 801 1302 est
817 1231 983 1328 quaedam
1001 1234 1141 1307 medio·

144 1345 262 1413 critas.
285 1345 436 1412 Poeseos
458 1338 558 1410 dono
576 1337 807 1427 illo'divin0,
827 1363 901 1436 quo
924 1338 1062 1411 Hebraei
1074 1366 1144 1428 ¹ve·

144 1452 308 1522 tustiores
341 1465 376 1520 et
410 1447 539 1520 Arabes
580 1448 673 1518 inter
703 1449 851 1520 Semitas
885 1446 1142 1542 excelluerunt,

143 1560 221 1655 Syri
231 1559 382 1630 omnino
395 1571 537 1646 carent3
552 1554 681 1625 mentis
692 1554 879 1643 acuminis,
896 1579 971 1652 quo
985 1558 1101 1627 Persae'
1111 1572 1146 1629 et
1228 1636 1229 1639 Ἴ

141 1666 285 1736 Armeni
297 1689 400 1735 suam
414 1689 499 1736 cum
514 1661 677 1759 gentibus
695 1661 868 1759 europaeis
890 1663 1145 1759 cognationem

143 1771 411 1860 demonstrant,
439 1769 544 1843 simul
568 1784 742 1868 expertes.
770 1769 936 1840 Carmina
960 1769 1059 1866 apud
1083 1794 1145 1845 eos

143 1880 321 1976 frigidaao
334 1878 422 1951 ludo
440 1902 636 1976 puerorum
650 1877 792 1966 similia,
810 1874 1041 1975 philosophia
1060 1879 1143 1952 satis

141 1986 416 2082 jejuna-litterae
429 1986 502 2057 fere
516 1986 621 2056 nullae
638 1985 707 2055 nisi
719 2009 838 2082 sacrae.
853 1986 950 2056 Gens
966 2010 1030 2057 sua
1046 2011 1143 2058 man·
1205 2023 1206 2028 1

143 2094 331 2191 suetudine
345 2091 553 2164 naturaliter
569 2092 772 2183 christiana,
793 2093 964 2189 usquead
982 2109 1142 2168 nostram

142 2215 283 2272 aetatem
295 2199 448 2288 duravit,
463 2215 601 2271 assueta
617 2199 752 2295 malum
764 2201 851 2298 pati,
867 2215 903 2272 et
919 2204 1143 2275 aremotissi·

142 2309 209 2378 mis
228 2333 307 2406 quae
327 2307 580 2379 historicorum
597 2306 668 2378 fide
684 2308 852 2381 novimus
876 2309 1011 2380 sreculis
1023 2308 1140 2383 alieno

140 2414 303 2486 dominio
320 2413 492 2510 subjecta.

189 2527 236 2593 Ut
253 2523 379 2611 armis,
399 2521 448 2592 ita
464 2520 626 2593 moribus
644 2526 844 2593 exterarum
863 2525 1023 2620 gentium
1039 2525 1140 2621 Syria

140 2653 280 2727 semper
295 2631 422 2728 patuit.
440 2629 570 2700 Mirum
588 2654 699 2725 quum
716 2630 877 2702 celeriter
894 2633 1029 2703 Graecia
1046 2632 1140 2707 hanc

139 2737 324 2834 regionem
355 2736 584 2840 occupaverit
616 2761 658 2808 ae
689 2738 744 2808 sui
772 2739 862 2837 juris
887 2739 1022 2811 lecerit.
1051 2742 1139 2815 Inde

138 2842 183 2915 ab
209 2843 399 2919 Alexandri
424 2845 542 2943 Magni
561 2859 683 2934 aetate,
709 2846 811 2941 Syria
841 2844 1140 2944 ciseuphratensis

137 2981 249 3052 graeca
274 2956 315 3029 fit
339 2957 546 3055 provincia,
566 2958 688 3052 grecis
710 2956 846 3029 artibus
869 2957 1029 3048 exculta,
1050 2986 1139 3056 grae-

137 3063 187 3133 cis
214 3063 359 3134 urbium
381 3062 590 3134 nominibus
617 3063 776 3154 referta²',
798 3065 847 3134 ita
873 3079 913 3133 ut
934 3065 980 3134 ad
1005 3065 1138 3137 littera·

138 3193 219 3239 rum
237 3193 432 3264 graecarum
454 3171 566 3266 magis
584 3192 694 3267 quam
715 3171 934 3266 syriacarum
950 3171 1137 3246 historiam

136 3277 311 3373 pertineat
325 3276 370 3348 de
385 3277 524 3349 ratione
539 3275 673 3347 horum
683 3274 884 3348 studiorum
896 3301 1010 3374 agere.
1024 3283 1137 3354 Graeci

135 3398 219 3456 sunt
231 3384 421 3476 Lucienus,
442 3383 677 3482 Porphyrius,
692 3378 857 3456 Nicolaus
873 3389 1132 3480 Damascenus,

134 3493 319 3582 Libanius,
337 3494 535 3583 Nemesius,
548 3493 759 3583 Numenius,
771 3494 992 3584 Damascius,
1007 3500 1136 3570 AEneas
1158 3539 1161 3546 ·

134 3603 296 3692 Gemens,
334 3602 522 3693 Zacharias
557 3599 812 3694 Scholasticus,
847 3627 1055 3700 quanquam
1095 3607 1134 3678 in

174 3781 183 3816 ¹
203 3783 247 3841 Cf.
262 3787 407 3860 moysen,
425 3783 586 3840 Gesclticltte
600 3786 650 3840 des
664 3788 901 3855 Hellenismus,·t.
922 3789 962 3859 11,
974 3807 1004 3864 p.
1020 3790 1070 3859 31,
1084 3792 1134 3860 ts.

134 3890 197 3948 sqq.
213 3903 253 3916 -
265 3876 310 3933 De
326 3872 425 3952 lingua
440 3872 530 3933 latina
544 3872 732 3934 orientalibus
753 3875 838 3952 plane
856 3875 954 3954 ignota
972 3876 1056 3936 docte
1078 3877 1136 3938 dis-

134 3960 223 4019 seruit
236 3963 277 4020 St.
293 3963 481 4033 Quatremere
490 3962 621 4039 (Journal
630 3967 679 4020 des
693 3968 823 4038 Savnnts,
837 3969 926 4036 1849,
938 3987 968 4044 p.
982 3970 1133 4041 tot-tea).
1229 3999 1233 4007 =
