2768 4776
591 370 786 435 ...11-

190 517 410 615 Euphratem
425 532 566 615 recepta
585 532 648 589 est.
675 517 766 588 Viris
794 516 955 588 litteratis
985 516 1187 588 nestoriana

190 625 359 722 dogmata
374 648 601 723 summopere
621 625 796 723 placuisse
817 622 984 694 videntur
991 652 1002 713 3
1022 646 1063 693 ac
1083 620 1187 693 silen-

190 735 241 804 tio
252 735 422 830 praeteriri
434 735 561 832 nequit
573 748 748 831 quantum
762 746 858 803 secta
874 730 934 802 illa
948 730 1045 828 apud
1058 730 1186 800 Orien·

190 841 278 913 tales
290 840 336 912 ad
349 841 546 914 excolenda
556 840 699 935 ingenia
707 838 892 936 profuerit.
908 841 1107 927 Persarum,
1121 834 1187 907 sub

190 952 340 1047 imperio
357 975 483 1047 regum
497 947 785 1034 Sassanidarum,
806 959 884 1016 tota
898 946 1016 1018 studia
1029 970 1050 1016 a
1065 949 1188 1017 Nesto·

190 1058 298 1128 rianis
309 1057 486 1150 originem
495 1051 687 1143 ducebant,
697 1051 903 1148 Arabasque
914 1053 959 1124 ab
972 1051 1097 1124 iisdem
1109 1052 1189 1151 phi·

190 1162 364 1262 losophiae
381 1185 500 1258 graecae
518 1161 721 1232 rudimenta
735 1159 897 1231 hausisse
914 1184 1011 1250 mox,
1026 1159 1095 1229 nisi
1107 1183 1188 1256 spes

190 1293 249 1341 me
267 1267 372 1358 fallit,
384 1268 661 1340 demonstrabo.
678 1267 839 1358 Indiam,
858 1267 1073 1357 Tartariam,
1090 1268 1189 1337 Mon-

190 1374 339 1470 goliam,
355 1376 521 1446 Sinarum
537 1376 728 1473 imperium
744 1375 947 1447 incredibili
961 1374 1090 1446 ardore
1105 1398 1189 1444 con·

189 1480 250 1550 citi
265 1483 753 1578 pervaserunt¹,0igurosque
767 1480 892 1552 litteris
904 1481 957 1552 uti
972 1479 1185 1551 docuerunt.

188 1588 350 1684 Denique
375 1614 441 1686 per
457 1603 571 1661 totam
588 1591 704 1661 Asiam
728 1589 930 1661 Nestoriani
955 1586 1185 1677 Periodeutae,

186 1709 226 1765 ut
243 1694 429 1790 dicebant,
449 1713 485 1770 et
502 1696 613 1769 fidem
630 1697 860 1769 christianam
877 1710 914 1767 et
930 1696 1064 1768 litteras
1079 1694 1188 1791 syria·

186 1823 244 1871 cas
260 1802 367 1874 simul
377 1805 610 1877 invexerunt.

233 1915 316 1999 Quo
341 1927 505 2012 tempore
534 1929 571 1987 et
600 1939 673 2011 quo
697 1928 804 2011 pacto
827 1913 1034 1985 nestoriana
1059 1911 1190 2010 placita

186 2020 283 2116 apud
302 2022 410 2116 Syros
427 2022 497 2095 sibi
513 2021 625 2094 fidem
639 2021 787 2092 fecerint
801 2021 863 2093 diu
881 2035 934 2093 est
952 2020 1185 2118 disputatum.

187 2132 401 2201 Assemanus
423 2154 510 2202 vcro
526 2130 627 2201 litem
650 2128 826 2219 diremit¹,
844 2128 1080 2227 probavitque
1105 2154 1187 2200 nes·

186 2236 436 2309 torianismum
449 2263 472 2310 a
486 2239 582 2334 Syria
595 2252 780 2335 receptum
797 2236 903 2309 fuisse
918 2238 1011 2307 circa
1025 2250 1189 2332 tempora

184 2342 315 2444 synodi
338 2345 528 2443 Ephesinae
554 2345 673 2442 (anno
697 2349 763 2420 [131
776 2347 802 2442 ).
831 2351 909 2416 lmo
935 2346 1013 2442 Syri
1037 2358 1189 2415 conten-

185 2448 276 2520 dunt
296 2476 334 2524 se
348 2452 443 2526 hanc
461 2453 664 2525 doctrinam
682 2469 764 2526 ante
795 2453 996 2525 Nestorium
1017 2450 1186 2536 tenuisse,

184 2578 252 2628 nec
265 2584 426 2657 unquam
439 2560 540 2633 aliter
558 2560 604 2632 de
623 2561 751 2634 Christi
771 2585 927 2661 persona
944 2560 1107 2632 sensisse.
1125 2561 1189 2628 Ut-

186 2687 341 2764 cumque
361 2671 407 2739 sit
424 2668 470 2740 de
489 2669 560 2741 hac
585 2670 781 2765 quaestione
808 2667 1052 2767 opinandum,
1079 2689 1189 2763 quam

185 2770 362 2870 theologis
385 2777 471 2848 viris
507 2775 718 2849 soluendam
747 2777 935 2875 relinque,
966 2790 1104 2848 certum
1136 2787 1189 2844 est

185 2879 347 2954 scholam
364 2882 607 2975 Edessenam,
630 2909 708 2981 quae
728 2885 850 2957 schola
869 2891 1064 2956 Persarum
1087 2882 1189 2953 dice-

184 2984 304 3080 batur,
340 2992 499 3088 primum
525 2992 582 3064 his
604 2993 836 3091 opinionibus
861 2993 968 3065 fuisse
998 2992 1185 3079 infectam,

186 3096 343 3195 indeque
380 3105 505 3173 Persas
537 3103 702 3176 haeresim
737 3092 833 3174 hanc
864 3102 1052 3188 didicisse,
1078 3124 1188 3196 quam

186 3215 310 3301 postea
322 3230 388 3304 per
402 3222 517 3280 totam
529 3211 645 3283 Asiam
666 3210 886 3308 superiorem
902 3207 1184 3302 divulgaverunt.

193 3432 198 3464 ι’
224 3415 234 3465 ¹·
254 3417 297 3476 Cf.
311 3417 462 3476 Assemani
475 3417 678 3490 1111111111,
693 3431 714 3474 t.
732 3422 785 3488 ΠΙ,
801 3417 930 3495 parsalt.
946 3437 1010 3494 cap.
1027 3418 1187 3476 ric—Re·
1292 3436 1297 3443 ’

184 3512 259 3565 cuci!
268 3511 306 3564 de
319 3528 436 3586 voyagcs
450 3522 480 3564 et
491 3512 636 3566 me'moires
646 3509 758 3584 publie's
768 3531 827 3584 par
842 3515 872 3566 la
889 3513 998 3569 Societe
1011 3512 1047 3565 de
1063 3512 1187 3585 Geogra·

180 3598 262 3671 phie,
278 3609 298 3653 1.
314 3600 366 3669 lv,
381 3618 411 3676 p.
426 3600 465 3656 25
478 3610 507 3656 et
524 3618 587 3676 sqq.
600 3633 640 3643 -
655 3598 792 3657 Gulielmi
807 3599 844 3658 de
853 3598 973 3658 Rubruk
987 3597 1185 3669 Itinerarium,

182 3684 255 3744 ibid.
273 3708 302 3764 p.
319 3688 391 3758 301,
404 3706 468 3764 sqq.
488 3721 528 3734 -·
539 3690 652 3747 Paulini
669 3709 686 3748 a
705 3693 734 3748 S.
752 3691 963 3749 Bartholomaeo
974 3695 1104 3748 Examen
1118 3690 1183 3747 hist.

184 3780 248 3833 crit.
268 3781 349 3834 codd.
371 3780 525 3835 indicorum
544 3777 610 3835 bibl.
629 3782 766 3857 Propag„
784 3801 813 3858 p.
837 3783 886 3851 68,
908 3783 956 3839 69.
978 3814 1019 3826 -
1036 3777 1185 3848 11θί1111111,
1286 3865 1289 3869 ¹

186 3871 284 3943 Geogr.
302 3865 489 3939 d'Abulfeda,
506 3868 616 3926 Introd.
633 3890 661 3946 p.
677 3891 724 3941 cn,
742 3888 805 3949 sqq.

223 3968 235 4002 ¹
254 3967 330 4025 Bibl.
348 3976 462 4037 orient„
479 3981 499 4025 t.
514 3971 567 4037 Ill,
583 3989 650 4046 pars
664 3973 712 4030 ait.
728 3995 756 4050 p.
771 3995 863 4041 111111,
880 3991 942 4048 sqq.
