2768 4776
665 346 860 414 ..31-

261 509 399 590 partem
413 492 651 590 plrilosoplriae
663 496 837 589 Syrorum
851 494 952 591 prelo
967 495 1272 570 committendam

260 599 325 671 viri
341 599 441 671 docti
460 624 622 696 unquam
638 602 855 672 censuerint.
1029 615 1036 623 ’

310 716 486 789 Aristoteli
500 717 608 789 etiam
625 742 774 815 operam
791 717 892 790 dedit
913 721 967 790 vir
985 720 1022 792 in
1047 721 1191 816 syriacis
1211 721 1273 792 lit—

260 828 344 899 teris
357 827 451 898 lama
460 842 496 898 et
509 826 673 899 doctrina
688 826 779 900 nulli
788 828 981 916 secundus,
993 830 1149 901 tacobus
1160 830 1275 903 Edes-

261 959 384 1024 senus,
403 935 465 1031 qui
481 935 671 1033 episcopus
695 935 808 1008 factus
831 958 929 1007 anuo
948 937 1037 1026 651,
1059 938 1194 1010 interiit
1211 940 1272 1035 (nt

261 1043 373 1128 aiunt,
392 1066 600 1139 quanquam
615 1044 672 1113 vix
691 1044 790 1115 credi
804 1044 937 1141 potest)
948 1069 1046 1116 anno
1063 1049 1148 1118 710.
1169 1046 1273 1118 Edu·

262 1151 405 1221 catusin
415 1152 635 1223 monasterio
647 1152 840 1249 Aphthonii
858 1152 1134 1241 kinnesrinensi‚
1148 1155 1212 1250 qui
1225 1180 1273 1227 co

261 1259 390 1331 saeculo
410 1260 504 1330 inter
530 1262 638 1356 Syros
664 1259 863 1333 litterarum
892 1261 1054 1335 tomitem
1077 1261 1270 1350 servabat,

263 1391 374 1464 graeca
405 1367 524 1463 lingua
551 1367 778 1439 doctissimus
803 1368 916 1439 factus
943 1384 1021 1457 est,
1048 1374 1274 1466 vocatusque

263 1476 312 1548 ob
327 1491 492 1548 navatam
513 1476 655 1549 assidue
677 1477 714 1548 in
737 1476 992 1549 transferendis
1014 1477 1154 1575 scriptis
1170 1480 1273 1549 Grae-

262 1608 390 1656 corum
402 1608 551 1683 operam
567 1582 737 1655 librorum
753 1587 957 1680 interpres¹.
972 1584 1164 1655 Transtulit
1172 1586 1274 1657 enim

261 1691 376 1763 libros
404 1691 525 1790 plures
550 1690 772 1786 theologicos
796 1693 1017 1789 umorum,
1044 1690 1276 1790 multumque

263 1798 438 1870 laboravit
449 1813 488 1869 ut
496 1797 655 1894 linguam
664 1801 835 1893 Syrorum
847 1822 920 1868 snae
933 1799 1077 1895 puritati
1087 1799 1273 1892 redderet,

263 1920 468 2004 punctaque
486 1903 663 1975 vocalium
676 1919 712 1976 et
729 1904 1023 2003 orthographiam
1041 1907 1180 2006 legibus
1194 1926 1276 1980 ceo

263 2013 307 2084 tis
324 2010 526 2107 subjiceret.
548 2015 624 2082 «ln
647 2013 905 2084 monasterium
924 2013 1095 2085 secedens
1121 2012 1168 2085 ab
1194 2016 1273 2113 epi-

263 2132 426 2216 scopatu,
436 2119 484 2189 ait
498 2117 755 2209 Barhebraeus²‚
770 2122 837 2216 per
853 2119 1022 2191 undecim
1036 2145 1152 2193 annos
1173 2122 1273 2193 Psal-

265 2251 409 2300 morum
426 2240 461 2296 et
479 2227 744 2324 Scripturarum
757 2250 908 2322 graecam
925 2227 1120 2301 lectionem
1131 2227 1270 2320 docuit,

264 2337 438 2432 graecique
454 2335 630 2407 sermonis
647 2359 752 2406 usum
770 2333 843 2406 lere
857 2334 933 2428 jam
949 2333 1125 2407 abolitum
1138 2336 1272 2409 instau-

264 2444 367 2516 ravit.
401 2447 519 2530 Qnem
540 2441 590 2513 oh
622 2465 767 2512 eausam
795 2464 816 2512 a
845 2440 1027 2512 Fratribus
1060 2443 1097 2513 in
1129 2445 1267 2513 Graeeos

264 2552 498 2624 vehementer
513 2549 702 2620 concitatis
717 2561 882 2635 vexatus,
903 2547 950 2618 ad
973 2547 1071 2620 aliud
1091 2561 1269 2621 monaste·

266 2661 360 2730 rium
379 2657 555 2748 transivit,
572 2655 635 2726 ubi
648 2654 776 2726 eadem
797 2655 967 2726 docuit.»

316 2777 368 2845 Ex
385 2772 554 2871 operibus
570 2772 830 2871 philosophicis
848 2771 971 2843 Jacobi
989 2772 1164 2846 Edesseni
1183 2775 1276 2847 nihil

258 2895 428 2980 superest
448 2880 516 2952 nisi
544 2879 732 2951 translatio
755 2883 1023 2978 Cetegorrorum
1054 2883 1274 2973 Aristotelis,

267 3013 346 3087 quae
358 2988 460 3085 jungi
477 2987 568 3059 solet
585 2986 808 3060 translationi
833 2991 997 3086 Isagoges
1022 2989 1279 3088 porphyriana

267 3097 313 3171 ab
341 3095 532 3173 Athanasio
548 3095 735 3184 confectae,
764 3110 800 3167 et
827 3097 1007 3168 invenitur
1028 3098 1066 3168 in
1089 3097 1277 3172 codicibus

267 3207 438 3278 Vaticano
459 3207 544 3295 158,
563 3205 725 3278 Medieeo
741 3204 826 3295 196,
846 3204 1033 3277 Parisiensi
1052 3209 1116 3279 161
1132 3208 1155 3275 ⁸.
1175 3210 1278 3280 Asse·

269 3339 414 3406 manus,
437 3315 473 3385 in
496 3313 713 3385 Bibliotheca
741 3313 912 3385 orientali
918 3318 941 3402 ⁸,
960 3329 1080 3387 censet
1100 3313 1276 3386 Jacobum

309 3535 318 3568 ¹
339 3539 467 3606 Assem„
483 3546 504 3590 t.
521 3539 566 3606 11,
580 3554 611 3613 p.
629 3539 698 3594 336.

308 3644 320 3679 ¹
339 3642 426 3722 Apud
440 3646 566 3715 Assem,
581 3657 602 3700 t.
619 3649 663 3713 ΙΙ,
681 3666 711 3722 p.
729 3647 798 3702 337.

308 3754 319 3788 ⁸
339 3758 423 3812 Errat
445 3752 574 3810 Evodius
597 3759 771 3812 assemanus
797 3751 866 3810 dum
885 3756 1031 3810 auctorem
1047 3753 1133 3827 hujus
1155 3757 1277 3817 transla-

268 3845 355 3904 tionis
370 3844 452 3923 ponit
463 3843 629 3903 Honeinum
646 3845 752 3922 (Caret.
772 3845 854 3900 codd.
871 3841 938 3899 bibl.
955 3847 1077 3903 laurent.
1092 3865 1123 3923 p.
1141 3846 1219 3919 3117).

316 3951 371 4009 ⁴T.
388 3957 413 4022 l,
429 3973 458 4030 p.
475 3953 544 4010 493.
561 3984 600 3995 -
615 3950 658 4011 Cl.
673 3948 827 4021 Wenrich,
843 3969 891 4027 op.
909 3950 956 4009 cit.
973 3973 1002 4030 p.
1023 3954 1090 4010 l2'l.
