2768 4776
646 357 842 423 -ῃ,

244 525 393 598 remque
419 500 689 598 amplectamur.
722 501 791 571 Sed
826 498 1000 570 indicium
1027 498 1166 570 nullum
1199 513 1256 569 est

242 634 317 707 quo
344 608 383 681 id
399 611 516 707 prima
539 608 657 681 fronte
673 608 878 705 perspicere
896 607 1088 704 possimus.
1110 605 1255 681 Idcirco

243 717 402 814 cognitio
412 716 543 787 harum
555 714 772 814 opinionum
781 715 968 787 scientiam
982 729 1018 786 et
1029 713 1141 786 iidem
1148 738 1256 812 aeque

243 825 400 924 respicit.
433 825 588 896 Scientia
612 824 710 897 enim
734 824 808 920 agit
829 824 876 895 de
899 821 1009 895 rebus
1030 823 1202 922 proximis
1219 837 1257 894 et

244 932 440 1003 manifestis
477 948 513 1003 et
550 957 629 1030 quae
660 932 744 1004 sciri
783 946 881 1003 certa
919 931 1059 1004 ratione
1091 946 1254 1030 queunt3

244 1039 334 1112 fides
361 1063 446 1110 vero
471 1041 518 1112 de
540 1038 648 1112 rebus
670 1040 879 1137 longinquis
900 1054 936 1112 et
958 1038 1197 1112 invisibilibus
1219 1054 1258 1111 et

238 1171 325 1244 quae
339 1149 421 1220 sciri
438 1162 538 1219 certo
554 1161 754 1244 nequeunt.
778 1147 840 1220 llla
866 1146 1014 1244 quidem
1034 1172 1119 1219 cum
1141 1145 1258 1220 dubio

245 1269 311 1344 est,
338 1255 414 1327 haec
438 1279 525 1326 vero
552 1256 629 1326 sine
657 1254 794 1326 dubio:
821 1279 933 1352 porro
960 1279 1073 1327 omne
1102 1253 1260 1327 dubium

244 1363 339 1462 parit
362 1363 650 1451 dissensionem3
670 1377 811 1451 contra,
833 1362 982 1459 quando
1000 1361 1153 1435 dubium
1179 1363 1263 1437 nul·

245 1469 321 1542 lum
346 1486 413 1561 est,
437 1470 478 1543 iit
506 1471 734 1543 unanimitas.
764 1470 918 1542 Scientia
943 1495 1030 1567 ergo
1058 1471 1179 1568 potior
1203 1486 1262 1543 est

141 1583 144 1590 '
247 1577 340 1667 lide3
365 1578 430 1650 sed
454 1583 551 1650 Deus
578 1578 701 1676 potior
722 1593 776 1648 est
803 1577 964 1649 scientia.
989 1577 1132 1649 Etenim
1149 1575 1262 1649 etiam
1289 1569 1291 1574 ¹

246 1684 434 1765 credentes
454 1687 669 1783 investigant
692 1711 749 1756 res
772 1684 871 1775 fidei,
890 1701 924 1758 et
941 1687 1096 1758 scientiae
1122 1685 1263 1758 faciunt

247 1791 467 1891 apologiam,
483 1818 597 1890 quum
608 1793 735 1865 dicunt
746 1793 909 1865 loturum
922 1818 999 1865 esse
1011 1807 1050 1864 ut
1064 1792 1152 1865 olim
1168 1793 1263 1866 scia·
1362 1865 1366 1869 ,

249 1925 329 1973 mus
346 1900 448 1998 quod
465 1924 564 1972 nunc
580 1899 824 1972 credimus...

241 2070 245 2078 .
299 2008 490 2103 «Explicit
501 2033 618 2078 sermo
646 2007 690 2077 de
707 2023 780 2079 tota
801 2024 881 2078 arte
904 2008 1015 2106 logica
1037 1999 1258 2096 Aristotelis,

248 2118 463 2211 compositus
490 2142 514 2185 e
548 2114 664 2186 Paulo
690 2120 805 2186 Persa
829 2143 849 2186 e
874 2118 1014 2187 civitate
1045 2117 1260 2207 Det'rsclzar,

249 2221 301 2293 ed
316 2248 435 2321 regem
454 2223 656 2294 Chosroem.
675 2252 693 2290 n

299 2332 403 2401 Mene
425 2331 502 2428 ipse
528 2330 670 2428 decipio
691 2333 839 2429 quando
861 2334 974 2403 miror
997 2355 1121 2426 syrum
1143 2330 1262 2402 homi-

239 2449 335 2510 'nem
352 2463 475 2536 regem
497 2438 695 2515 barbarum
718 2442 768 2513 sic
791 2441 1036 2538 alloquentem
1062 2438 1190 2513 saeculo
1206 2463 1255 2527 v1,

250 2562 397 2643 tamque
441 2548 630 2645 perspicue
670 2548 897 2621 eclecticismi
936 2548 1151 2620 sententiam
1191 2544 1260 2619 hac

251 2667 353 2724 aetate
382 2653 631 2751 profitentem3
663 2680 707 2727 an
731 2657 852 2753 potius
878 2657 979 2752 Syria
1002 2669 1038 2730 et
1065 2655 1200 2744 Persis,
1224 2654 1262 2729 iu

251 2759 311 2831 illa
338 2784 418 2856 quae
444 2775 531 2832 tunc
559 2777 636 2832 erat
664 2762 861 2835 miserrima
878 2763 1116 2862 philosophice
1139 2760 1267 2837 condi·

252 2869 372 2957 tione‚
392 2868 660 2966 receptaculum
677 2870 776 2943 fuere
795 2872 977 2943 bonarum
994 2870 1267 2970 disciplinarum

252 2975 393 3072 reliquo
421 2975 510 3047 orbe
547 2992 723 3049 terrarum
763 2981 852 3051 tristi
889 2979 1074 3075 naufragio
1105 3002 1265 3076 pereun-

254 3084 377 3155 tium?
474 3119 476 3124 ·

729 3370 794 3445 lll.

284 3558 328 3610 De
341 3559 444 3611 studiis
457 3562 656 3632 peripateticis
669 3563 751 3635 apud
763 3559 925 3629 Iacobum,
942 3580 976 3614 ac
987 3561 1083 3633 primo
1101 3561 1138 3614 de
1153 3559 1248 3615 schola

674 3652 852 3707 Resainensi.

255 3914 257 3921 y
309 3829 419 3901 Paulo
436 3832 565 3920 serius,
585 3833 648 3904 sed
668 3859 744 3905 non
762 3834 896 3918 minori
909 3834 1040 3909 ardore
1056 3859 1166 3932 quam
1181 3839 1269 3909 Nes-

259 3928 410 4026 toriani,
448 3939 711 4038 Monophysitae
744 3965 808 4013 seu
842 3941 1010 4015 Jacohitae
1045 3941 1270 4020 Aristotelem
