2768 4776
540 342 737 414 ...57-

138 494 239 567 biens
255 495 367 566 factus
386 506 450 565 est.
476 492 737 586 Somniumque
755 488 913 563 effictum
942 516 963 563 a
991 492 1144 567 credulis

137 593 372 673 bominibus:
395 600 525 671 vidisse
544 596 797 669 Almamunum
814 599 851 670 in
878 622 1010 671 somno
1026 601 1143 673 uirum

138 725 284 808 aspectu
302 706 511 794 venerabili,
526 704 618 777 solio
634 703 874 797 insidentem3
890 708 1079 779 mirantem
1093 707 1147 778 Al-

139 840 351 888 mamunum
368 813 584 913 quaesivisse,
602 813 770 907 quisnam
788 811 848 885 ille
861 815 975 886 esset?
992 838 1145 913 respon·

140 947 239 996 sum:
255 922 483 996 Aristotelem
494 945 583 991 esse.
596 923 679 1006 Quo
695 919 840 1010 auditu,
853 920 1020 995 chalifam
1034 924 1082 997 ab
1100 948 1145 1005 eo

139 1032 354 1130 quaesivisse,
365 1025 542 1124 quidnam
548 1026 689 1097 honum
695 1041 804 1116 esset3
814 1029 1043 1125 respondisse
1054 1033 1146 1103 Aris·

139 1125 288 1210 to'telem
309 1164 317 1206 :
337 1134 446 1221 Quod
463 1134 699 1231 sapientiores
724 1132 935 1231 probarent.
964 1138 1145 1222 Quaerenti

141 1242 278 1315 chalifae
298 1242 387 1339 quid
409 1240 481 1313 hoc
502 1255 620 1313 esset:
643 1241 753 1328 Quod
777 1240 836 1313 lex
857 1240 979 1314 divina
995 1243 1143 1340 probat,

142 1348 282 1421 dixisse.
316 1349 553 1446 interroganti
580 1373 693 1447 porro
709 1347 760 1418 illi
781 1377 789 1417 τ
810 1349 908 1435 Quid
925 1348 1019 1421 hoc?
1037 1351 1146 1437 Quod

26 1528 29 1535 ,
143 1480 269 1528 omnes
290 1456 505 1555 probarent,
538 1455 788 1556 respondisse,
817 1481 934 1553 neque
963 1457 1021 1528 alii
1053 1457 1146 1531 ultra

143 1565 329 1661 quaestioni
354 1563 575 1663 respondere
590 1562 770 1634 uoluisse.
798 1568 881 1651 Quo
898 1567 1040 1636 somnio
1067 1589 1146 1663 per-

142 1686 284 1743 motum
302 1671 557 1744 Almamunum
577 1696 599 1743 a
620 1675 830 1743 Graecorum
851 1672 1069 1771 imperatore
1084 1698 1146 1744 ve-

141 1779 239 1850 niam
255 1781 398 1878 petiisse
414 1793 453 1850 ut
478 1779 560 1851 libri
584 1778 829 1877 philosophici
846 1780 1012 1878 inipsius
1023 1805 1146 1877 regno

141 1901 408 1982 quaererentur,
425 1886 605 1983 hujusque
624 1887 676 1958 rei
695 1889 807 1982 gratia
826 1888 923 1957 viros
939 1885 1148 1959 doctos-mi·

141 1993 256 2063 sisse¹.
270 1997 428 2081 loannes
446 1992 687 2084 filiusMesue,
706 1994 867 2067 medicus
879 1994 1144 2081 celeberrimus,

142 2099 280 2197 primus
287 2100 421 2171 dicitur
431 2101 657 2172 Aristotelem
673 2100 815 2173 arabice
831 2104 978 2173 vertisse
989 2129 1000 2191 ;
1012 2101 1076 2174 sed
1089 2127 1145 2174 er·

142 2230 226 2278 rore
239 2208 369 2278 Leonis
387 2207 540 2278 Africani
555 2206 630 2279 haec
647 2209 772 2306 opinio
790 2207 878 2279 fulta
895 2208 1055 2298 videtur3
1075 2210 1147 2308 pri·

143 2337 224 2385 mus
242 2329 361 2385 autem
382 2313 576 2386 Aristotelis
599 2316 774 2414 interpres
789 2315 895 2386 arabs
910 2316 975 2386 suit
991 2321 1148 2388 loannes

143 2422 399 2495 lbn-al-Batrik
418 2423 462 2518 (i.
485 2448 517 2494 e.
537 2423 637 2509 filius
647 2423 908 2521 patriercham).
929 2424 994 2494 Hic
1011 2425 1147 2519 syriace

143 2523 735 2621 vertitHirtoriamAnimalium,in
743 2531 1001 2629 compendium
1012 2531 1148 2628 redegit

143 2637 255 2709 libros
272 2653 343 2711 tres
360 2646 415 2711 De
435 2643 572 2730 anima,
602 2640 815 2737 arabicoque
831 2640 936 2713 vertit
959 2638 1071 2710 libros
1092 2645 1148 2713 De

143 2746 229 2817 coelo
244 2763 282 2817 et
296 2747 440 2840 maredo,
460 2754 516 2820 De
532 2752 709 2837 meteoris,
729 2764 765 2824 et
781 2747 913 2819 librum
932 2747 1072 2820 arabice
1088 2749 1148 2819 in·

143 2855 452 2953 scriptueroset,
465 2857 503 2929 id
514 2856 742 2944 estPoliu'co,
758 2857 821 2954 qui
831 2855 960 2953 legitur
971 2856 1007 2925 in
1016 2854 1149 2927 codici·

94 3055 97 3061 Ι
142 2958 210 3032 bus
238 2964 492 3067 Parisiensibus
519 2963 670 3036 arabicis
696 2965 791 3056 944,
824 2964 913 3052 9453
941 2962 987 3033 de
1017 2962 1148 3058 quibus

143 3066 371 3139 Wenrichius
380 3093 509 3167 parum
525 3070 674 3142 feliciter
686 3070 931 3164 conjecturam
946 3067 1043 3154 fecit,
1059 3068 1148 3138 dum

145 3185 246 3268 putat
271 3172 424 3244 Politice
459 3176 653 3246 Aristotelis
690 3175 846 3270 genuina
859 3173 930 3247 ¹his
950 3173 1148 3247 codicibus

143 3279 337 3368 contineri3
368 3279 457 3349 nihil
480 3280 577 3350 euim
601 3279 698 3350 aliud
720 3278 767 3348 ibi
790 3293 843 3350 est
863 3291 992 3375 praeter
1016 3276 1148 3349 librum

143 3386 390 3485 apocryphum
403 3392 458 3457 De
474 3389 644 3484 regimine
656 3389 876 3482 principum,
897 3408 957 3455 scu
969 3387 1148 3455 Secretum

142 3510 355 3566 secretorum
360 3524 375 3580 ;
400 3519 517 3594 neque
550 3493 680 3566 Arabes
701 3493 771 3565 ulla
797 3493 864 3564 alia
882 3491 1034 3563 Politice
1059 3495 1150 3565 Aris·

143 3600 259 3672 totelis
298 3618 550 3699 cognoverunt
565 3605 587 3670 ⁸.
635 3601 849 3699 Abulfaragii
888 3602 1061 3672 sententia
1095 3615 1149 3701 cst

183 3767 191 3800 ¹
212 3767 361 3840 Weurich,
377 3789 425 3847 op.
441 3770 505 3841 cit,
519 3789 550 3847 p.
566 3771 673 3826 ets-26.

183 3856 193 3888 ¹
213 3860 278 3913 Non
291 3857 450 3937 Πατρικίου,
465 3871 497 3917 ut
507 3859 570 3916 vult
583 3859 759 3939 Fluegelius,
775 3880 805 3939 p.
823 3863 870 3918 ll).
895 3916 905 3939 ‚

182 3945 193 3979 ¹
212 3945 362 4020 Wenrich,
374 3969 403 4026 p.
420 3952 491 4022 129,
505 3952 576 4020 134,
594 3948 661 4007 tto.
679 3983 720 3997 -
733 3949 864 4028 Fluegd,
879 3969 908 4026 p.
927 3951 1031 4010 lli-ll.
