2768 4776
589 354 784 419 ...54-

186 502 360 596 astha'que
372 498 504 594 (fascic.
519 496 623 596 april.
642 496 767 592 4852),
786 520 853 566 nec
865 495 954 566 mihi
969 494 1185 585 satisfecero,

186 604 307 676 donec
319 605 537 677 Londinium
556 620 739 704 repetens,
760 602 934 700 opuscula
953 601 1029 674 haec
1051 604 1189 700 integra

186 714 418 812 exscripsero‚
435 734 479 786 ac
496 713 613 783 doctis
631 714 714 781 viris
734 711 884 806 legenda
901 710 1101 809 praebuero,

633 1028 745 1104 vtlt.

236 1291 241 1298 ,
293 1227 359 1290 sm·
374 1219 503 1298 magistri
518 1217 644 1277 Arabum
652 1217 777 1305 fiuntnin
792 1218 971 1296 philosophia
981 1239 1082 1297 groco.

235 1413 339 1480 Nunc
362 1422 503 1506 tempus
524 1420 578 1478 est
601 1421 641 1477 ut
665 1388 712 1477 ad
733 1402 882 1478 alteram
910 1404 1048 1479 aetatem
1074 1407 1191 1508 philo·

187 1512 321 1617 sophiae
347 1518 520 1611 Syrorum
539 1529 776 1604 transeamus,
806 1536 879 1611 qua
906 1512 1085 1588 Mosiemis
1104 1508 1192 1619 per-

180 1620 426 1715 -mixti,studia
438 1647 503 1694 sua
515 1618 898 1722 peripateticaarabice
908 1641 1189 1722 persequuntur,
1230 1708 1233 1713 ,

184 1731 414 1828 Arabumque
429 1731 589 1827 magistri
602 1728 695 1801 fiunt
707 1731 744 1801 in
762 1724 994 1831 philosophia
1007 1747 1042 1804 et
1058 1732 1192 1809 doctri·

184 1840 238 1911 nis
248 1843 469 1911 Graecorum.
480 1843 568 1927 Quae
577 1836 726 1937 quidem
740 1853 823 1911 aetas
834 1840 862 1911 si
874 1840 987 1941 priori
1002 1865 1191 1940 compare·

182 1962 254 2037 tur,
266 1945 528 2044 longemajoris
538 1946 714 2017 momenti
723 1963 884 2046 apparet,
894 1962 972 2018 tum
984 1949 1192 2044 quiastudia

183 2058 358 2152 Syrorum
381 2078 479 2125 nunc
505 2053 619 2124 multo
645 2052 750 2125 latius
773 2053 1030 2146 extenduntur,
1058 2072 1190 2130 totam·

184 2187 256 2259 que
271 2161 541 2261 peripateticam
559 2159 807 2259 disciplinam,
825 2188 901 2234 non
920 2164 1034 2235 solam
1055 2164 1192 2239 dialec-

183 2272 291 2342 ticam
309 2268 601 2368 complectuntur
612 2295 623 2358 3
633 2283 711 2340 tum
723 2268 807 2364 quia
824 2293 889 2368 per
900 2295 984 2341 suos
996 2270 1191 2370 discipulos

185 2376 317 2449 Arabas
333 2377 413 2475 Syri
427 2375 615 2474 hucusque
632 2373 777 2446 obscuri
799 2376 836 2446 in
860 2399 1032 2472 magnum
1052 2381 1192 2474 generis

183 2484 335 2557 humani
363 2482 623 2556 commercium
654 2481 888 2555 inducuntur.
921 2487 1043 2570 Quum
1069 2502 1189 2558 tamen

183 2590 259 2669 haec
275 2606 358 2662 aetas
377 2591 423 2662 ad
441 2590 627 2661 historiam
649 2588 886 2689 philosophiae
905 2589 1056 2663 arabicae
1079 2593 1191 2690 magis

184 2722 294 2795 quam
309 2699 453 2794 syriacae
473 2697 661 2796 pertineat,
685 2721 795 2777 nemo
821 2697 1009 2770 mirabitur
1032 2724 1091 2772 me
1107 2698 1193 2772 hrc-

182 2806 320 2878 viorem
338 2830 427 2895 esse,
452 2830 604 2902 eamque
628 2804 747 2893 solum
772 2806 929 2877 materiae
945 2821 1085 2905 partem
1104 2792 1192 2894 deli·

183 2912 270 2985 bare
284 2937 363 3010 quae
381 2916 489 3011 Syros
506 2911 656 3010 propius
677 2927 822 3008 tangere
841 2913 995 2986 videtur.

200 3056 202 3060 Α
233 3020 348 3090 Etiam
364 3035 447 3092 ante
463 3018 754 3091 Muhammedem
770 3021 847 3115 Syri
867 3022 1065 3111 nestoriani
1078 3023 1193 3094 medi·

184 3124 303 3194 cinam
322 3125 419 3221 apud
431 3117 809 3212 Arabas'exercehant,
829 3141 864 3195 et
879 3128 1094 3199 exercebant
1108 3131 1189 3200 soli.

185 3231 385 3299 Nestoriani
403 3243 505 3299 erant
520 3229 688 3299 monachi
716 3255 809 3325 quos
834 3231 1106 3306 Muhammedes
1127 3261 1191 3307 au·

184 3337 289 3427 divit,
311 3352 346 3410 et
368 3337 536 3435 aquibus
553 3361 630 3407 non
653 3360 767 3434 pauca
792 3336 937 3428 didicit3
961 3343 1191 3417 Nestorianus

183 3460 259 3517 erat
274 3446 409 3518 Hereth
427 3445 502 3517 ihn
520 3443 634 3517 Calda
650 3443 835 3542 Prophetae
861 3447 997 3519 amicus
1019 3465 1056 3520 et
1077 3451 1206 3535 medi-¹

183 3577 247 3624 cus
257 3557 279 3622 ¹.
302 3556 423 3648 Regna
438 3553 531 3624 Hirae
542 3567 578 3624 et
591 3550 768 3622 Ghassani
784 3551 821 3622 in
840 3553 967 3625 Arabia
982 3560 1191 3655 septentrio-

224 3758 232 3790 ¹
254 3756 351 3818 Abutt.
370 3763 462 3832 Dyr„
480 3778 510 3838 p.
530 3763 569 3818 99
583 3757 664 3832 (edit.
685 3759 841 3834 Pocoohe).
859 3794 899 3806 -
917 3764 960 3820 Cf.
982 3763 1187 3837 deflammer,

183 3849 481 3924 'Litemmrgrtchichte
511 3852 564 3905 der
588 3847 711 3920 Ambor,
731 3852 756 3906 ΙΡ
780 3850 867 3909 hbth.
893 3863 940 3910 ω’
963 3854 1059 3926 Band‚
1082 3874 1104 3914 s.
1131 3857 1188 3915 192

184 3936 296 4010 (Wien,
314 3940 415 4010 1881).
794 3966 799 3974 =
