2768 4776
644 333 839 399 ...70-

244 477 415 549 habemus
456 479 635 575 specimen
674 478 875 548 studiorum
909 477 1242 576 philosophicorum

243 585 349 680 hujus
376 587 485 656 aetatis
507 585 552 656 ab
581 587 659 682 ipso
680 585 888 658 Barhebraeo
914 576 1143 659 delineatum.
1165 594 1243 686 lpse

244 694 340 764 enim
358 693 467 765 libros
484 693 614 789 quibus
634 696 735 790 pueri
750 693 937 764 erudiendi
950 694 1020 764 sint
1039 719 1240 785 recensens,

243 816 432 898 postquam
456 802 674 898 Scripturam
697 824 834 871 sacram
855 817 890 872 et
914 803 974 872 SS.
998 805 1117 873 Patres
1142 827 1242 875 com·

244 909 474 995 memoravit,
493 908 568 978 haec
590 908 735 978 scribit:
756 938 772 975 a
792 912 841 979 Ex
864 908 1036 979 doctrinis
1053 924 1172 981 autem
1189 936 1244 982 ex·
1367 948 1371 957 ·

242 1031 427 1091 ternorum
439 1017 477 1111 (i.
491 1042 522 1087 e.
540 1041 775 1112 paganorum,
784 1023 813 1088 οἱ
826 1014 914 1110 ἔξω),
928 1015 1017 1086 liber
1032 1019 1173 1089 Antonii
1181 1023 1244 1090 Ta·

242 1123 420 1218 gritensis;
448 1125 531 1194 item
560 1123 753 1195 Aristotelis
776 1125 924 1220 Logiea,
946 1125 1151 1219 Cetegoriae,
1171 1133 1244 1222 Περὶ

244 1229 430 1327 Ἑρμηνείας,
444 1231 638 1328 Analytica‚
652 1233 870 1329 Topicorum
881 1230 962 1301 libri
976 1246 1079 1319 octo,
1097 1231 1244 1305 Elenchi

243 1337 441 1435 sophistici,
463 1339 620 1426 Poenos,
640 1341 835 1411 Rhetoricae
858 1338 935 1409 libri
960 1354 1043 1427 tres,
1061 1339 1140 1411 libri
1156 1365 1244 1436 qua-

244 1461 325 1516 tuor
335 1446 1136 1542 Mathematieorum(Meteorologieorumvult
1148 1451 1245 1518 Asse·

245 1577 370 1623 manus
381 1607 390 1640 ‚
403 1554 501 1650 quod
515 1579 588 1625 non
603 1553 749 1651 probo),
765 1555 827 1650 qui
836 1554 992 1651 linguam
1006 1569 1195 1640 exornant,
1210 1571 1244 1626 et

152 1682 166 1727 ⁵.
244 1659 324 1730 libri
343 1665 397 1732 De
416 1661 565 1758 physico
582 1662 706 1733 auditu
730 1663 792 1758 qui
814 1677 971 1733 mentem
986 1663 1024 1734 iu
1042 1663 1243 1757 quaestioni·

244 1767 311 1838 bus
340 1783 517 1844 exercent.
542 1764 592 1838 Ex
617 1769 867 1865 metaphysicis
895 1770 1042 1841 materia
1065 1782 1162 1838 tanta
1186 1793 1243 1838 ac·

242 1876 409 1974 cipienda
432 1892 503 1964 est,
520 1892 690 1971 quantam
717 1893 751 1947 et
776 1901 843 1947 nos
866 1877 1067 1973 accepimus
1090 1875 1127 1946 in
1149 1874 1243 1946 libro

245 1998 369 2054 nostro
393 2008 502 2080 quem
536 1982 795 2054 Cartdeladrnm
829 2001 1033 2055 sanctorum
1064 1984 1243 2080 inscripsi·

246 2114 344 2178 mm,
367 2092 462 2162 etin
490 2091 602 2161 altero
629 2092 769 2164 minore
793 2117 901 2188 quem
923 2091 1028 2163 titulo
1050 2091 1245 2163 Rudiorum

246 2199 542 2294 praenotavimus,
564 2198 626 2269 uhi
646 2224 708 2271 eos
739 2200 956 2296 disputando
983 2199 1246 2272 confutavimus

245 2307 307 2401 qui
333 2310 449 2377 Deum
476 2306 621 2403 quidem
653 2323 852 2396 noverunt,
877 2295 940 2379 sed
970 2333 1044 2379 non
1074 2322 1246 2402 tanquam

246 2417 360 2485 Deum
375 2413 693 2511 glorificaverunt¹.
712 2445 731 2483 o

295 2536 436 2603 Mortuo
450 2533 675 2622 Barhebraeo,
687 2535 807 2607 studia
817 2538 990 2630 Syrorum
1004 2535 1157 2605 omnino
1168 2557 1246 2605 eva·

245 2654 408 2711 noscunt.
437 2641 614 2734 Ehedjesu
637 2643 878 2729 nestorianus,
902 2641 1132 2739 metropolita
1159 2641 1246 2711 Nisi·

245 2744 360 2817 benus
375 2747 485 2817 factus
502 2771 599 2819 anno
620 2751 733 2835 l290,
754 2764 986 2842 mortuusque
1010 2772 1106 2818 anno
1126 2749 1241 2831 1318,

244 2850 341 2922 solus
361 2868 444 2949 post
469 2877 553 2924 eum
577 2854 695 2950 aliqua
719 2854 824 2925 laude
849 2853 1085 2949 philosophiae
1107 2851 1240 2920 floruit.

245 2962 391 3058 Scripsit
407 2961 540 3032 librum
558 2968 612 3032 De
624 2961 850 3057 philosophia
868 2965 1069 3031 Graecorum
1086 2973 1122 3031 et
1139 2982 1243 3054 expo-

245 3069 414 3141 sitionem
442 3071 601 3168 epistolae
627 3068 944 3168 pseudepigraphos
975 3066 1168 3140 Aristotelis
1197 3067 1244 3137 ad

245 3175 484 3249 Alexandrum
502 3178 547 3251 de
563 3193 639 3250 arte
655 3180 816 3274 magna¹,
836 3177 965 3272 deque
980 3175 1111 3247 videsis
1127 3172 1244 3244 Fabri·

143 3373 147 3380 ·
245 3284 372 3354 oium‘.
394 3283 464 3355 Sed
474 3283 778 3382 praecipue-doctis
789 3284 874 3355 viris
888 3283 947 3354 hic
956 3307 994 3354 se
1008 3279 1243 3355 commenda·

244 3391 296 3461 vit
312 3391 474 3486 catalogo
496 3391 675 3474 librorum
702 3392 928 3489 rhythmico,
951 3391 997 3462 ad
1020 3412 1244 3484 cognoscen-

245 3498 328 3570 dam
341 3525 417 3571 rem
429 3500 637 3573 litterariam
646 3505 831 3597 Syrorum,
845 3501 929 3571 etin
942 3499 1065 3596 primis
1082 3499 1242 3594 ipsorum

284 3707 292 3740 ¹
312 3711 438 3778 Assem,
453 3707 528 3766 Bibl.
544 3715 658 3776 orient,
675 3721 694 3764 t.
712 3711 765 3776 111,
781 3727 847 3784 pars
862 3712 902 3778 ll,
912 3727 940 3784 p.
956 3726 1122 3777 cuxxxvm,
1138 3723 1201 3780 sqq.

283 3822 294 3854 ¹
314 3820 402 3890 lbid.,
418 3835 492 3899 part.
509 3826 534 3892 1,
549 3842 577 3899 p.
597 3824 665 3879 360.

283 3931 294 3965 ⁸
314 3930 390 3989 Bibl.
403 3953 460 4008 gr„
476 3947 496 3991 t.
513 3935 572 4002 111,
590 3953 618 4010 p.
637 3935 710 4002 282,
727 3951 790 4008 sqq.
