2768 4776
493 354 688 421 ...29-

91 508 189 580 davit
204 506 392 578 Honeinus
404 503 484 597 ejus
506 501 777 590 translationes,
798 518 834 573 et
850 504 1026 602 quidquid
1050 531 1093 578 ax

89 617 245 689 Honeini
258 611 512 685 emendatione
525 609 679 680 babetur
690 611 873 706 egregium
885 626 950 702 est,
968 628 1095 687 contra

88 725 273 796 mediocre
286 718 463 817 quidquid
482 716 737 788 emendatione
748 716 959 790 destitutum
974 726 1056 794 est¹.
1074 755 1092 790 a

88 833 157 903 Sed
169 833 240 902 hoc
245 828 422 926 judicium
437 825 520 922 plus
533 848 638 920 aequo
653 847 818 921 asperum
838 827 927 898 mihi
938 828 1093 924 videtur,

89 941 344 1035 versionesque
362 935 492 1028 Sergii,
519 945 646 1028 utpote
668 932 848 1029 propioris
872 937 1096 1034 temporibus

89 1071 162 1144 quo
185 1046 316 1142 linguae
326 1051 454 1139 ''graecae
470 1037 629 1110 studium
654 1039 786 1111 adbuc:
800 1041 955 1137 vigebat,
974 1049 1095 1142 magni

88 1153 305 1226 aestimandae
325 1172 447 1244 eaeque
468 1145 556 1216 mihi
578 1145 748 1217 videntur
769 1171 851 1243 quae
867 1152 1005 1247 possint
1026 1153 1095 1226 ori·

88 1263 167 1333 ticis
185 1283 296 1357 opem
311 1281 394 1328 nou·
405 1253 712 1326 contemnendam
726 1254 830 1326 ferre.

138 1365 363 1463 Discipulum
380 1364 456 1458 ejus
479 1361 664 1433 neminem
692 1363 872 1453 novimus,
891 1366 959 1436 nisi
984 1367 1097 1443 ‘l'beo-

89 1475 227 1547 dorum
236 1473 373 1545 dictum
391 1475 505 1559 Maru,
523 1473 653 1542 Mervae
669 1472 707 1542 in
719 1473 928 1546 Khorasana
947 1481 1096 1574 regione

90 1581 372 1678 metropolitam,
394 1579 458 1675 qui
473 1579 561 1650 vixit
576 1579 671 1649 circa
693 1602 830 1652 annum
848 1584 933 1670 540,
949 1608 1096 1684 compo·

70 1691 72 1696 ’
88 1690 242 1784 snitque,
256 1703 346 1760 teste
361 1686 572 1782 Ebedjem’,
592 1686 793 1759 Sobobrica
803 1686 922 1759 decem
937 1697 1096 1788 quartab-

87 1821 173 1867 num
193 1798 324 1894 Sergii.
350 1795 416 1865 Hic
431 1792 567 1890 absque
585 1793 700 1866 dubio
716 1794 778 1868 ille
796 1810 850 1867 est
871 1799 929 1869 cui
953 1801 1096 1898 Sergius

87 1902 160 1974 fere
188 1902 452 1975 omneslibros
475 1925 561 1973 suos
578 1901 769 1977 dedicavit.
797 1907 845 1974 Ex
863 1905 969 1978 titulo
987 1907 1097 2005 hujus

88 2013 209 2109 operis
225 2011 407 2107 colligitur
421 2011 565 2107 utrique
583 2035 723 2082 morem
736 2011 844 2084 luisse
856 2013 924 2085 sibi
941 2017 1095 2090 invicem

91 2116 257 2190 mittendi
274 2118 500 2217 problemata
517 2117 767 2215 philosophiae.
792 2121 934 2193 Etenim
954 2125 1096 2221 Sergius

91 2223 164 2296 fere
176 2251 303 2298 omues
319 2252 403 2299 suos
420 2225 532 2297 libros
547 2225 770 2298 exordiendo
788 2227 945 2301 declarat
965 2255 1003 2303 se
1019 2231 1095 2303 haec

91 2358 166 2405 non
183 2335 340 2407 scribere
355 2335 425 2406 nisi
441 2334 685 2430 interrogante
698 2359 740 2407 ac
756 2336 991 2431 quaestionem
1008 2364 1096 2436 pro-

89 2441 483 2537 portenteTheodorm>
506 2478 516 2493 »

574 2686 620 2782 V.

272 2878 318 2931 De
331 2875 426 2931 sclicla
440 2879 657 2934 Kinnesrinensr'
668 2894 720 2935 teu
733 2876 925 2939 Chalcidensi.

142 3035 278 3107 Saeculo
292 3060 355 3126 vu,
372 3037 578 3109 coenobium
592 3018 870 3110 Kinriesrinense
886 3064 1031 3111 necnon
1045 3065 1098 3112 se-

94 3143 158 3214 des
171 3142 383 3249 episcopalis
397 3144 504 3242 hujus
522 3145 620 3216 urbis
630 3146 751 3244 plures
760 3146 856 3216 viros
868 3146 1099 3243 peripatetice

92 3248 222 3322 doctos
232 3248 450 3343 habuerunt,
470 3254 564 3323 inter
580 3276 671 3348 quos
687 3265 788 3322 aetate
802 3251 960 3347 primum
976 3249 1099 3322 locum

93 3372 191 3428 tenet
212 3361 364 3431 Severtu
386 3360 583 3431 Sabochtes
601 3384 666 3430 >seu
683 3357 935 3446 Jesubochtes,
958 3358 1098 3457 episcof

92 3491 160 3563 pus
189 3467 487 3567 kinnesrinensis‚
517 3469 580 3565 qui
608 3468 702 3538 circa
737 3489 873 3537 annum
904 3465 976 3541 640
1001 3467 1098 3538 vive·

93 3572 166 3645 bat.
188 3570 417 3647 Barbebraeus
436 3577 473 3646 in
491 3577 658 3647 Chrona'ci
668 3575 805 3668 syriaci
825 3589 926 3673 parte
943 3572 1095 3664 inedita,

93 3681 218 3779 lgudat
240 3686 411 3754 Severum
433 3699 598 3757 nostrum
612 3684 660 3754 ob
677 3681 938 3779 philosophica,
963 3681 1100 3752 mathe-

134 3867 143 3900 ¹
165 3866 319 3939 Wenrich,
335 3887 383 3947 op.
399 3869 493 3940 laud„
508 3888 539 3947 p.
556 3871 605 3930 ³2.
693 3888 696 3896 ·

134 3967 146 4002 ¹
166 3971 297 4036 Assem,
314 3979 334 4024 t.
351 3971 411 4038 111,
427 3987 494 4046 pars
508 3973 534 4040 l,
550 3989 579 4045 p.
598 3972 666 4027 tlt.

461 4246 471 4285 l
