2768 4776
659 369 857 435 ..54-

257 513 428 610 ligionem
447 519 636 587 Persarum
656 524 720 586 'seu
747 514 959 610 magismnm
976 515 1171 589 deamaret.
1194 521 1264 589 lle—

257 642 355 703 vera,
384 618 641 693 aBarmekidis'
671 620 844 694 educatus
869 623 932 721 qui
961 636 1083 696 vetera
1109 622 1264 696 Persidis

256 727 415 800 instituta
424 723 665 814 sectabantur,
676 726 870 824 religiones
884 753 985 825 aequa
992 729 1094 801 lance
1103 729 1264 827 pendere

167 909 169 919 χ
255 831 456 919 videbatur,
473 833 546 903 imo
563 858 639 905 non
656 834 807 932 paulum
819 835 992 911 inclinare
1010 836 1056 908 ad
1074 841 1265 909 Persarum

254 939 392 1012 cultum
408 939 621 1030 naturalem,
636 942 694 1016 vel
708 942 834 1014 saltem
849 943 896 1017 ad
910 943 1194 1017 rationalismum
1209 944 1265 1040 (ut

254 1071 352 1119 nunc
369 1044 537 1141 dicimus)
553 1046 850 1124 Motazelltarum.

302 1153 343 1226 td
362 1178 448 1250 ergo
466 1179 699 1253 summopere
716 1155 1265 1256 animadvertendumphiloso-

251 1257 376 1361 phiam
393 1283 473 1357 quae
488 1259 633 1335 arabica
662 1261 792 1337 dicitur
814 1261 948 1337 arabici
972 1263 1094 1369 nihil
1083 1288 1121 1335 m
1141 1287 1179 1334 se
1201 1262 1265 1335 ha

252 1364 352 1444 here
384 1368 496 1441 Grmci
517 1382 602 1443 sunt
622 1392 749 1442 omnes
773 1368 905 1465 quihus
932 1371 1043 1446 utitur
1074 1383 1260 1459 auctores,

254 1479 368 1553 Persae
378 1489 462 1549 sunt
476 1474 628 1572 quihaec
634 1475 755 1549 studia
765 1476 889 1547 fovent
893 1477 994 1571 ,Syri
1008 1500 1135 1548 omnes
1148 1479 1264 1550 inter-

253 1599 392 1682 pretes;
408 1585 516 1680 magi,
529 1582 841 1666 sahaei,christiani
853 1608 981 1655 omnes
994 1607 1058 1679 qm
1048 1583 1126 1654 his
1136 1585 1263 1659 studiis

252 1692 407 1788 primam
423 1714 571 1789 operam
584 1688 812 1786 impendunt.
829 1695 921 1765 Iram
939 1714 1016 1763 non
1027 1690 1262 1765 continebant

252 1798 427 1888 nostem,
448 1823 562 1895 quum
582 1797 744 1874 viderent
765 1798 861 1873 viros
877 1812 1018 1873 exteros
1042 1810 1078 1870 et
1099 1795 1262 1874 infideles

252 1905 314 1981 tali
337 1905 435 2001 apud
458 1904 623 1979 chalifam
650 1905 773 1981 favore
798 1907 1016 2001 gaudentes,
1031 1905 1261 2002 summisque

252 2015 368 2095 rebus·
383 2015 550 2112 gerendis
573 2014 766 2089 adhibitos.
794 2016 935 2089 Etenim
954 2013 1162 2105 Abbasidm,
1186 2040 1261 2112 quo

253 2139 289 2202 et
318 2122 545 2220 Omeyyadas
570 2138 758 2198 eteorum
783 2122 940 2198 fautores
968 2123 1108 2196 cautius
1136 2122 1262 2199 ohser-

252 2246 398 2320 varent,
422 2252 525 2328 ‘saepe
556 2229 758 2303 christianis
791 2247 831 2303 nt
864 2226 1149 2329 speculatoribus
1182 2245 1263 2308 ute-

252 2337 402 2428 bantur;
433 2340 531 2412 unde
553 2337 662 2412 fiebat
694 2354 734 2412 ut
760 2338 924 2415 Moslemi
957 2363 1033 2414 non
1062 2362 1144 2413 raro
1173 2363 1211 2412 se
1240 2361 1260 2413 a

252 2447 453 2520 christianis
472 2460 617 2519 vexatos
633 2451 900 2542 quererentur-¹.
921 2451 1126 2540 Feruntque
1145 2443 1261 2519 Alme

254 2579 406 2630 monum
424 2579 446 2625 a
468 2553 589 2630 multis
604 2552 864 2650 reprehensum
880 2552 983 2676 quod
1002 2550 1260 2629 vertendorum

251 2660 430 2735 librorum
452 2684 576 2732 curam
601 2659 802 2736 christianis
824 2661 1087 2747 committeret,
1107 2684 1261 2758 respon·-

252 2768 346 2872 disse
365 2768 509 2840 nullam
519 2793 596 2843 esse
614 2769 793 2841 rationem
812 2794 876 2840 cur
893 2769 961 2840 illis
979 2768 1111 2865 quibus
1128 2792 1261 2864 corpus

252 2899 358 2951 suum
372 2874 555 2960 credebat,
570 2874 682 2947 libros
697 2876 891 2951 vertendos
908 2900 984 2947 nou
1001 2874 1257 2961 committeret,

252 3007 315 3058 eos
331 2983 527 3082 prasertim
545 2983 607 3077 qui
624 3007 691 3055 uec
708 2983 754 3058 ad
771 2983 1003 3056 christianam
1028 3005 1095 3055 nec
1112 2979 1159 3051 ad
1178 3005 1261 3053 mo-

251 3088 532 3167 hammedanum
552 3089 765 3186 religionem
788 3092 1022 3188 spectarent&
1046 3087 1260 3186 Exemplum

251 3224 364 3299 porro
391 3200 467 3297 ipse
487 3197 666 3295 Propheta
684 3197 849 3289 dederat,
874 3198 938 3294 qui
957 3196 1138 3274 medicum
1165 3219 1262 3269 assu-

253 3331 352 3381 mere
368 3303 553 3382 infidelem
569 3305 634 3380 lbn
651 3305 761 3380 Calda
779 3331 853 3378 non
873 3308 1007 3379 veritus
1024 3318 1110 3379 erat.
1132 3305 1261 3375 Praeci-

253 3439 366 3513 puum
380 3416 417 3486 in
427 3439 468 3487 ea
478 3440 517 3486 re
528 3415 715 3510 negotium
726 3415 792 3487 luit
802 3414 1114 3498 Nestorianorum;
1129 3409 1260 3506 quibus

252 3520 337 3592 solis
354 3545 467 3617 quum
486 3521 606 3607 liceret
622 3522 808 3595 archiatris
826 3547 903 3595 esse
919 3519 1159 3606 chalifarum³,
1172 3516 1260 3593 aulae
1380 3605 1382 3608 ,

291 3691 301 3725 ¹
320 3695 554 3762 humolarias,
570 3694 591 3751 l.
607 3715 633 3753 c.
648 3716 678 3774 p.
694 3698 766 3768 435,
782 3662 844 3772 lsqq.

291 3781 302 3815 ¹
321 3784 382 3845 luo
394 3781 559 3854 Africanus,
573 3787 618 3843 De
635 3787 697 3841 vitis
712 3789 813 3847 illustr.
831 3783 970 3852 Arabon,
985 3782 1064 3867 apud
1082 3779 1257 3852 Fabricium,

197 3934 201 3943 ,
253 3883 274 3931 t.
290 3873 425 3949 Xll1,p.
442 3873 512 3931 Μ

228 4046 232 4055 ¹
291 3964 495 4025 'assemanus
525 3967 646 4046 longum
679 3967 843 4046 catalogum
874 3965 966 4027 texuit
992 3984 1094 4029 eorum
1125 3964 1175 4040 qui
1203 3963 1259 4022 hoc
