2768 4776
479 356 482 361 ’
587 357 785 425 -25-

179 501 367 575 simillima
380 501 545 590 videtur¹.
561 505 718 596 Quoquo
727 499 844 575 modo
860 498 903 570 lis
919 524 960 571 ea
974 501 1185 591 resolvatur,

178 592 328 681 'certum
344 622 397 680 est
421 609 582 704 Sergium
599 607 853 678 Resaiuensem
878 607 977 704 apud
1003 610 1122 704 Syros·
1136 610 1188 679 in·

189 715 562 815 terpretumfpalmam
577 713 713 801 tulisse,
731 713 935 810 famamque
949 730 1096 786 nactum
1113 739 1189 786 esse

189 823 447 922 percelebrem.
471 852 489 890 a
503 827 601 893 Inter
625 821 933 918 praestantissimos
958 822 1118 894 medicos
1131 826 1191 918 Sy·

186 955 327 1020 rorum,
350 932 398 1003 ait
420 927 680 1017 Barhebraeus¹,
704 927 769 997 luit
784 928 927 1021 Sergius
945 932 1187 1018 Resainensis,

185 1039 248 1134 qui
272 1039 431 1135 primur‘
464 1034 576 1106 libros
604 1033 875 1132 philosophicos
907 1051 943 1106 et
979 1036 1137 1108 medicos
1170 1063 1190 1108 e

186 1145 309 1243 lingua
327 1166 441 1239 graeca
460 1145 498 1213 in
520 1143 693 1238 syriacam
709 1143 934 1213 convertit-a
957 1147 1083 1215 Narrat
1099 1167 1191 1241 prae-

185 1269 284 1325 terea
302 1249 550 1338 Barhebraeus,
580 1270 692 1346 quum
717 1251 903 1322 Honeiuus
924 1249 1019 1322 filius
1045 1253 1191 1324 lsaacie

186 1359 323 1431 Gracia
335 1356 385 1433 ad
405 1356 608 1428 Gabrielem
626 1355 740 1428 filium
757 1355 947 1452 Bochtjesu
963 1356 1108 1448 rediret,
1125 1362 1191 1432 Ga·

186 1468 336 1540 brielem
352 1467 535 1565 explorata
559 1467 701 1563 juvenis
733 1466 919 1556 doctrina,
947 1468 1187 1542 exclamasse:

190 1606 207 1642 u
224 1577 260 1646 Si
276 1574 359 1646 huic
371 1574 496 1670 juveni
519 1578 616 1645 Deus
633 1576 742 1645 vitam
760 1572 905 1670 longam
922 1599 998 1647 esse
1015 1578 1187 1666 voluerit,

185 1681 638 1757 oblitterabituemoriam
653 1682 765 1779 Sergii
789 1680 1040 1755 Resaiueusisl
1058 1687 1190 1781 »quasi

179 1789 274 1873 ,nihil
292 1783 497 1884 majiisdiei
515 1803 578 1861 aut
596 1787 683 1886 fingi
699 1803 832 1887 posset.

232 1912 322 1993 Quae
337 1932 451 2005 quum
476 1907 526 1981 ita
551 1908 640 1995 siut,
665 1908 749 1981 satis
776 1909 898 1979 mirari
915 1928 1056 2006 nequeo
1079 1935 1190 2008 opera

184 2015 296 2110 Sergii
325 2015 363 2085 iia
385 2013 572 2086 codicibus
593 2017 738 2112 syriacis
763 2016 828 2112 qui
858 2031 998 2089 aetatem
1033 2017 1191 2091 tulerunt

186 2123 365 2195 rarissime
399 2125 582 2214 inveniri,
622 2140 730 2222 atque
765 2125 812 2196 ad
845 2141 1009 2221 ⁴nostram
1050 2141 1188 2198 aetatem

188 2229 310 2327 ignota
326 2232 578 2328 permansisse.
598 2233 649 2303 Ea
667 2246 789 2306 autem
806 2231 883 2330 ipse
900 2233 1017 2329 reperi
1040 2233 1077 2302 in
1094 2234 1190 2306 codi

186 2336 288 2408 cibus
303 2336 420 2410 tribus
438 2340 552 2411 Musei
568 2341 781 2430 Britannici,
802 2353 957 2437 suntque
976 2341 1076 2411 haec:

236 2459 272 2526 l⁰
288 2457 421 2555 Loga‘caa
435 2473 626 2543 tractatus,
652 2457 753 2529 libris
778 2472 916 2556 septem
935 2474 1127 2549 constans,
1147 2484 1189 2532 ac

185 2562 378 2635 Theodoro
397 2562 542 2636 cuidam
566 2580 807 2664 nuncupatus.
830 2568 933 2664 Opus
956 2566 1058 2638 initio
1085 2568 1190 2640 muti·

186 2669 262 2742 lum
281 2684 350 2761 est,
370 2696 438 2744 nec
453 2674 565 2771 Sergii
579 2698 713 2746 nomeu
725 2698 799 2772 prae
814 2699 852 2745 se
869 2673 946 2747 fert.
965 2677 1087 2761 Quum
1103 2702 1190 2749 vero

187 2774 247 2848 bic
264 2790 434 2850 tractatus
451 2803 604 2878 operum
618 2782 728 2880 Sergii
745 2805 873 2880 agmen
889 2780 998 2853 ducat
1014 2783 1051 2853 in
1064 2783 1190 2857 codice

226 3022 235 3055 ¹
255 3025 325 3081 Haec
340 3036 409 3087 sunt
423 3025 554 3104 Agathiae
573 3026 683 3099 verba,
700 3027 805 3105 quaein
820 3027 953 3106 Sergium
965 3041 1096 3086 nostrum
1116 3029 1190 3104 mire

186 3111 343 3195 quadrant:
353 3111 407 3174 Ἦν
416 3115 467 3198 γὰρ
477 3116 509 3187 δὴ
524 3118 661 3195 ἑρμηνέων
673 3119 778 3199 ἄριστος
790 3119 926 3189 ἁπάντων,
940 3119 986 3192 καὶ
995 3109 1049 3186 οἷος
1058 3120 1189 3181 ὑπἀὐτοῦ

186 3200 306 3279 Χοσρόου
321 3203 513 3282 θαυμάζεσθαι,
531 3208 568 3289 ὥς
586 3209 613 3286 ἐγ
633 3207 747 3289 ἑκατέρᾳ
764 3207 888 3287 πολιτείᾳ
907 3205 941 3264 τὰ
959 3212 1078 3285 πρωτεῖα
1096 3204 1189 3286 λαχὼν

186 3294 234 3362 τῆς
250 3293 409 3371 ἐπιστήμης,
431 3301 499 3354 Vua
511 3299 681 3370 Iustiniani,
698 3297 749 3355 lib.
766 3301 817 3369 lv,
831 3318 861 3376 p.
876 3300 945 3354 161.
962 3295 1054 3354 Paris.
1073 3300 1162 3355 1660.

225 3392 236 3426 ²
258 3396 411 3455 Chiuuicou
423 3401 563 3472 syriacum
575 3398 654 3473 (edit.
671 3399 905 3476 Bruns,1ipsiae,
920 3396 1022 3473 1788),
1035 3417 1065 3475 p.
1084 3395 1132 3455 59.

223 3492 235 3527 ⁸
255 3497 341 3555 Errat
350 3496 553 3572 Bathebraeus,
576 3499 646 3558 dum
661 3499 769 3577 primas
783 3497 876 3557 credit
895 3497 1045 3555 versiones
1058 3496 1190 3575 philoso-

184 3582 310 3661 phorum
324 3605 485 3664 gracorum
505 3607 522 3645 a
542 3589 644 3668 Sergio
662 3589 750 3647 luisse
770 3587 935 3646 confectas.'
948 3586 1005 3647 Sed
1024 3604 1113 3667 supra
1126 3586 1189 3660 jun

185 3671 298 3760 ostendi
311 3672 441 3733 laborem
459 3677 565 3736 scholae
583 3678 685 3756 priscae
704 3676 850 3736 edessenae
870 3675 1188 3736 tenuemfamamaba-
1231 3686 1235 3693 '

186 3761 284 3820 buisse
301 3760 444 3842 brevique
458 3784 475 3824 e
488 3767 629 3825 memoria
642 3767 793 3825 hominum
807 3766 939 3845 periisse.

226 3860 237 3894 l
257 3863 357 3919 Chron.
369 3885 440 3938 syr„
455 3886 484 3944 p.
501 3869 569 3925 173.
583 3900 623 3911 —
634 3866 742 3926 Eadem
758 3867 820 3926 fere
834 3866 939 3945 repetit
952 3865 1066 3937 arabice
1077 3865 1108 3922 in
1117 3865 1188 3921 His-
1233 3855 1235 3858 ’

187 3954 260 4009 toria
272 3956 487 4027 Dyucste'arum,
504 3977 533 4034 p.
547 3961 585 4016 at
599 3969 627 4014 et
642 3959 699 4016 172
715 3957 795 4032 (edit.
812 3957 964 4034 Pococlte).
