2768 4776
586 369 784 438 ..59-

186 534 306 592 autem
328 519 357 587 is
377 515 507 610 estqui
525 510 861 608 hasdisciplinasin
880 508 1046 578 ordinem
1063 522 1097 577 et
1117 531 1185 579 mc·

185 624 338 698 thodum
357 622 505 722 redegit,
522 646 645 693 earum
663 617 895 689 fundamenta
909 613 1088 701 stabilivit,
1107 639 1186 709 quae

185 735 221 804 in
239 731 306 803 illis
317 731 415 803 utilia
431 745 526 818 sunt,
540 740 666 799 ornata
676 722 845 814 reddidit,
861 748 983 795 massae
994 746 1116 793 earum
1131 723 1185 791 in·

185 838 285 911 sulsae
299 839 514 911 fermentum
528 835 671 921 indidit,
684 847 719 904 et
736 832 863 902 crudas
876 831 994 902 adhuc
1010 831 1055 900 ad
1075 844 1188 901 matu·

185 948 325 1017 ritatem
336 945 504 1044 perduxit
517 998 525 1029 ,
540 941 602 1036 qui
616 939 791 1010 sermonis
803 939 840 1032 (i.
859 963 891 1007 e.
907 938 1043 1032 logicae)
1060 939 1133 1008 vias
1152 951 1186 1006 et
1212 953 1218 956 ’

185 1077 341 1125 canones
359 1050 539 1148 explicuit,
556 1049 618 1144 qui
632 1046 803 1148 profanos
822 1059 857 1115 et
871 1044 1048 1115 naturales
1064 1044 1188 1115 conlu-

185 1162 291 1246 tavit,
306 1161 402 1255 ipsos
416 1154 612 1226 inclamans
630 1168 665 1224 et
682 1176 809 1225 eorum
824 1151 1005 1223 erroribus
1019 1152 1055 1221 in
1070 1152 1186 1222 lucem

186 1263 409 1361 proferendis
433 1262 657 1333 incumbens.
687 1261 841 1331 Platonis
871 1274 906 1330 et
932 1259 1085 1329 Socratis
1113 1283 1185 1329 ser-

186 1395 311 1442 mones
335 1372 534 1457 defaecavit,
555 1369 731 1457 firmavit,
749 1368 921 1456 excoluit;
941 1367 1031 1438 adeo
1050 1383 1088 1436 ut
1107 1390 1187 1437 eva·

185 1479 269 1548 serit
296 1479 409 1549 oratio
438 1479 513 1573 ejus
544 1479 707 1549 omnium
743 1475 1022 1571 elegantissima,
1052 1475 1186 1571 optime

185 1587 381 1684 composita
410 1600 444 1656 et
488 1584 820 1681 significantissimo.
859 1582 1027 1677 Quisquis
1068 1595 1186 1651 antem

184 1693 292 1788 ipsius
315 1691 426 1763 verba
448 1716 468 1762 e
491 1715 605 1786 graeco
636 1691 672 1760 in
695 1690 780 1760 alias
805 1689 942 1785 linguas
965 1688 1090 1770 vertit,
1118 1688 1187 1756 im-

184 1799 346 1887 mutavit,
366 1798 596 1893 conjectavit,
616 1822 683 1869 nec
700 1795 823 1868 debito
844 1819 944 1865 more
958 1818 1035 1864 rem
1054 1794 1149 1890 egit¹.
1167 1826 1183 1860 n

183 1909 348 1976 Ceterum
371 1919 522 2001 quantas
546 1930 648 1975 curas
671 1903 848 1975 Aristoteli
874 1902 1102 1973 Barhebraeus
1124 1904 1187 1974 im-

184 2011 346 2107 penderit
368 2038 410 2081 ex
438 2011 509 2082 hoc
533 2027 629 2108 patet
654 2011 752 2106 quod
778 2026 897 2082 narrat
922 2011 1081 2107 quidam,
1103 2036 1185 2082 eum

183 2108 314 2186 librum
332 2118 526 2188 Aristotelis
547 2125 600 2187 De
614 2117 736 2187 auditu
759 2117 812 2210 (id
829 2132 880 2187 est
897 2117 1056 2212 Physica,
1071 2144 1185 2214 quan·

186 2249 295 2319 quam
322 2224 502 2296 Fabricius
528 2240 649 2295 censet
673 2248 749 2295 esse
765 2223 896 2294 librum
922 2229 992 2320 Περὶ
1017 2227 1185 2320 ἀκουστῶν)

184 2331 393 2428 quadragies
411 2333 548 2429 legisse,
570 2348 606 2403 et
624 2331 741 2403 eidem
758 2330 850 2401 libro
868 2333 1154 2428 suprascripsisse
1174 2361 1180 2401 :

188 2440 324 2510 Vellem
352 2443 479 2511 iterum
507 2441 622 2538 legere
632 2444 654 2510 ².
685 2443 757 2510 Nec
787 2439 965 2509 immerito
992 2439 1138 2534 quidam
1165 2465 1184 2510 e

184 2545 393 2618 doctoribus
410 2547 676 2644 Meragensibus
693 2546 835 2618 dicebat
863 2574 871 2615 :
894 2575 911 2613 a
934 2551 1055 2632 Quum
1076 2546 1183 2618 audio

183 2651 338 2749 aliquam
362 2657 594 2750 quaestionem
620 2681 662 2726 ex
686 2680 749 2726 ore
772 2653 993 2751 Maphriani,
1021 2656 1068 2724 ita
1097 2653 1185 2724 mihi

183 2760 323 2832 videtur
348 2786 388 2832 ac
417 2765 446 2833 si
469 2788 511 2834 ex
535 2789 597 2835 ore
621 2762 814 2834 Aristotelis
840 2763 1046 2859 sapientiam
1074 2763 1184 2835 disce-

183 2872 288 2939 rem'.
309 2901 326 2936 u

232 2986 422 3084 Theologia
449 2988 703 3060 barhebraeana
742 2991 818 3085 ipsa
860 2987 1043 3059 Aristotele
1078 2987 1184 3082 plena

184 3107 248 3179 est,
267 3109 303 3164 et
317 3094 611 3165 scholasticorum
630 3109 834 3165 nostrorum
851 3091 1056 3163 tractatibus
1074 3093 1182 3162 simil-

183 3194 279 3266 lima.
304 3199 463 3294 Exempli
484 3201 594 3294 gratia
619 3197 827 3268 memorabo
850 3198 1080 3293 quaestionem
1104 3222 1184 3292 quae

183 3305 220 3374 in
243 3304 368 3376 codice
388 3307 561 3376 Vaticano
589 3308 658 3385 t59
686 3304 812 3401 legitur
830 3332 837 3374 :
855 3311 915 3374 An
939 3303 1183 3379 Chrt'stussub

182 3409 299 3482 decem
319 3413 607 3509 praedicamentis
634 3411 951 3509 comprehendatur
965 3414 986 3480 ⁸.
1016 3415 1183 3490 Ceterumv

222 3609 230 3641 ¹
251 3614 342 3680 Dyn„
355 3622 439 3680 text.,
454 3629 482 3686 p.
501 3613 554 3680 933
571 3610 667 3668 transl.
687 3630 715 3687 p.
735 3611 780 3668 60.

221 3722 232 3755 ⁸
251 3722 410 3794 Fabricius,
425 3723 501 3780 Bibl.
517 3746 574 3801 gru,
591 3737 611 3780 t.
626 3729 678 3793 ΙΙΙ,
693 3745 721 3802 p.
740 3729 798 3781 ata
811 3724 891 3796 (edit.
910 3724 1030 3795 Harles).

221 3836 231 3869 ⁸
252 3841 376 3908 Assem,
392 3851 412 3895 t.
426 3843 468 3910 II,
483 3860 512 3918 p.
531 3842 600 3898 ata.

223 3950 233 3983 ⁸
253 3956 378 4025 Assem„
394 3957 484 4012 Catal.
502 3957 583 4012 codd.
601 3954 665 4014 bibl,
681 3969 750 4028 vat,
766 3966 785 4011 t.
802 3958 860 4026 lll,
876 3974 905 4031 p.
923 3956 990 4012 313.
