2768 4776
673 343 872 414 ..62-

269 487 447 585 Flue'gelio
464 501 628 559 accurate
641 486 820 585 descripta
838 487 950 561 fuere.
971 491 1145 562 Omittere
1156 506 1275 562 tamen

269 620 345 667 non
364 595 480 668 debeo
505 593 771 691 Abulfaragium
788 594 951 667 Benattib
967 597 982 691 (
994 622 1103 693 quem
1128 623 1214 669 cave
1231 624 1276 669 ne

268 703 438 775 eumdem
454 717 557 801 putes
576 726 661 773 cum
677 700 906 798 Abtdfaragio
925 704 1177 801 Barhebraeo),
1197 732 1276 779 mo-

269 809 426 882 nachum
454 810 717 899 nestorianum,
753 834 851 882 enno
875 813 971 885 tota
988 828 1187 902 mortuum,
1215 816 1278 911 qui

267 918 507 1017 philosophiae
530 919 770 1016 peripateticae
794 941 943 1016 operam
968 917 1085 1010 dedit,
1114 936 1152 993 et
1181 922 1276 995 Aris-

268 1023 416 1097 totelem
434 1025 480 1096 de
504 1048 602 1097 novo
629 1025 846 1097 vertendum
865 1028 1031 1125 sumpsit.
1062 1026 1129 1099 lbn
1149 1029 1275 1101 Botlan

265 1132 435 1227 jacobita,
455 1132 652 1231 discipulus
665 1133 761 1229 ejus,
788 1147 896 1230 atque
911 1135 987 1230 ipse
1001 1135 1273 1234 peripateticus,

268 1240 392 1313 scribit
409 1266 494 1313 eum
511 1243 636 1339 viginti
660 1266 776 1316 annos
792 1242 1012 1339 explicandis
1027 1245 1277 1343 Metaphysicis

268 1351 554 1448 consumpsisse,
582 1374 625 1422 ac
653 1374 726 1449 prae
752 1351 866 1421 nimio
894 1350 937 1420 iis
965 1352 1130 1448 impenso
1158 1357 1276 1427 studio

269 1457 440 1530 morbum
457 1459 693 1547 contraxisse,
717 1483 791 1556 quo
811 1459 987 1530 extinctus
1003 1475 1057 1530 est
1071 1464 1092 1529 ¹.

321 1565 428 1638 Vides
439 1581 617 1663 quantum
631 1567 852 1638 commercio
868 1568 1042 1661 Syrorum
1057 1591 1142 1639 cum
1156 1572 1279 1643 Arabi-

269 1673 337 1745 bus
365 1688 503 1746 mutata
535 1673 641 1745 fuerit
675 1673 782 1744 facies
803 1671 1041 1770 philosophiae
1070 1687 1148 1746 tum
1180 1676 1277 1775 apud

269 1785 378 1878 Syros
405 1781 515 1879 ipsos,
539 1794 619 1851 tum
636 1778 734 1877 apud
750 1778 964 1850 Orientales.
993 1779 1073 1875 Syri
1088 1781 1187 1851 enim
1213 1783 1277 1877 qui

269 1888 445 1960 hactenus
463 1886 553 1957 nibil
570 1885 668 1959 aliud
695 1886 765 1956 nisi
791 1890 963 1983 Organon
978 1885 1089 1984 idque
1112 1887 1277 1960 decurta-

269 2008 347 2067 tum
364 2008 554 2083 noverant,
573 1994 683 2065 totius
705 1993 945 2089 peripateticae
963 1993 1161 2093 disciplinae
1179 2019 1277 2064 nunc

270 2114 457 2199 compotes
470 2098 575 2171 fiunt.
593 2104 666 2171 Nec
677 2100 721 2170 in
729 2099 968 2198 interpretum
982 2126 1132 2173 munere
1143 2101 1278 2174 substi-

269 2222 408 2299 terunt;
424 2207 494 2306 ipsi
506 2208 605 2279 enim
621 2207 729 2304 primi
743 2206 864 2303 lingua
877 2208 1019 2279 arabica
1031 2209 1278 2308 philosophari

270 2331 478 2415 coeperrmt,
502 2317 746 2412 saeculumque
770 2338 886 2387 unum
910 2330 946 2387 et
972 2318 1124 2415 amplius
1144 2318 1279 2390 effluxit

271 2437 465 2521 antequam
489 2422 622 2493 Arabes
645 2422 713 2518 ipsi
737 2421 814 2493 haec
838 2420 956 2493 studia
977 2434 1124 2518 tangere
1149 2448 1215 2520 per
1240 2449 1278 2495 se

270 2544 468 2603 tentsmnt.
492 2530 572 2625 Syri
593 2542 677 2600 sunt
702 2529 800 2602 enim
821 2525 1009 2600 mundius
1019 2531 1043 2618 ¹,
1073 2534 1184 2601 Kosta
1206 2531 1277 2602 ben

271 2642 381 2728 Luca,
394 2635 634 2735 pbilosophiae
643 2634 792 2709 arabicae
807 2637 984 2734 primaevae
997 2637 1103 2708 oculi.
1123 2641 1231 2733 Syros
1244 2654 1280 2710 et

271 2744 486 2817 christianos
513 2743 675 2815 medicos
701 2743 893 2817 audierunt
915 2744 1112 2816 Alfarabius
1138 2760 1174 2817 et
1200 2748 1279 2816 Avi·

271 2874 407 2942 ceuna3
444 2850 601 2947 denique
618 2852 854 2949 pronuntiare
877 2848 961 2921 licet
984 2866 1096 2922 totam
1122 2851 1279 2948 pbiloso-

271 2959 397 3057 phinm
412 2956 629 3031 arabicama
649 2960 745 3054 Syris
771 2973 807 3028 et
834 2957 1036 3029 christianis
1058 2957 1273 3029 inchoasse³.

313 3192 323 3225 ¹
343 3188 442 3249 ebuli.
459 3195 551 3263 Dran,
567 3210 598 3269 p.
615 3191 739 3248 aas-at.
756 3220 795 3234 -
815 3190 916 3247 Cliton.
939 3208 1012 3261 syr„
1027 3209 1057 3266 p.
1079 3191 1149 3246 244.
1172 3222 1210 3235 --
1225 3192 1279 3246 As·

273 3283 384 3343 semani
403 3281 480 3338 Bibt.
496 3287 613 3352 orient,
629 3292 651 3337 t.
670 3283 715 3350 11,
736 3299 767 3357 p.
790 3282 864 3351 309;
885 3291 907 3335 t.
930 3282 990 3350 111,
1006 3291 1081 3357 part.
1097 3284 1128 3349 Ι,
1145 3299 1174 3356 p.
1197 3282 1276 3349 265,

273 3376 527 3446 not.,271,not.‚
543 3373 614 3442 544,
630 3388 694 3447 sqq.
712 3402 752 3412 —
765 3368 921 3439 Weurich,
938 3388 967 3447 p.
985 3371 1054 3427 137.

314 3472 325 3506 ¹
343 3474 387 3530 De
401 3468 542 3549 religione
557 3466 686 3528 Alkindii
697 3466 784 3526 vaide
798 3464 957 3524 dubitatur.
972 3465 1016 3523 Cf.
1033 3466 1070 3524 de
1085 3467 1169 3545 Sacy,
1189 3469 1279 3523 Rela-

274 3563 332 3618 tion
345 3562 382 3617 de
394 3549 528 3637 I'Egypte
541 3552 746 3633 d'Abdallatr‘s,
762 3577 792 3635 p.
806 3559 878 3627 487,
893 3573 957 3632 sqq.

314 3660 325 3696 ⁸
344 3659 466 3719 Buhlius
478 3660 623 3741 (Prolegg.
637 3657 752 3718 adedit.
766 3658 842 3739 Opp.
855 3654 991 3727 Arist.,-t.
1007 3657 1033 3723 1,
1047 3673 1078 3732 p.
1090 3656 1160 3732 atr)
1171 3655 1278 3715 Judaeis

259 3750 357 3811 'inhis
370 3749 596 3827 studiis-partem
610 3748 730 3819 tribuit,
745 3746 827 3805 nullo
843 3744 925 3818 jure,
938 3742 1174 3822 quandoquidem
1185 3744 1279 3804 Judaei

272 3838 487 3921 philosophiam
500 3858 621 3918 grecam
637 3839 732 3897 coiere
746 3856 805 3895 non
819 3848 985 3914 coeperunt,
1000 3834 1057 3893 nisi
1071 3846 1135 3913 post
1148 3834 1277 3894 Arabum

275 3944 406 4011 rcsngra.
