2768 4776
567 321 762 388 ...24-

166 466 387 538 Resainensis
404 469 589 560 episcopus
613 482 650 536 et
680 466 892 556 arctarer,
926 468 1179 540 iustiniani-et

164 574 334 647 Chosrois
358 573 516 670 aequalis.
546 576 637 644 Eum
670 598 713 645 ex
745 572 926 645 archiatro
959 576 1178 673 episcopum

164 683 299 755 factum
321 704 397 752 esse
415 679 587 768 credibile
607 695 680 769 est;
699 694 856 752 attamen
874 681 1046 754 eumdem
1062 683 1177 759 simut

164 807 199 862 et
222 790 433 888 episcopum
455 803 491 859 et
513 787 697 859 medicum
718 788 827 861 fuisse
851 814 960 862 nemo
983 789 1177 863 mirabitur

164 898 227 994 qui
259 910 391 966 statum
423 893 607 966 medicinae
636 895 691 967 his
712 896 937 994 temporibus
965 912 1072 994 atque
1091 913 1177 973 stu·

124 1047 129 1053 -
164 1006 308 1077 diorum
326 1027 510 1074 sacrorum
521 1017 557 1074 et
581 1003 818 1100 profanorum
841 1005 938 1104 apud
955 1009 1063 1102 Syros
1081 1031 1175 1080 con·

160 1115 385 1210 junctionem
403 1113 556 1184 noverit.
587 1116 704 1184 Pauca
730 1113 878 1209 quidem
894 1113 941 1186 de
966 1114 1038 1186 vita
1059 1114 1177 1212 ipsius

164 1236 251 1293 nota
282 1234 378 1291 sunt.
409 1218 641 1290 Barheb'raeus
669 1220 706 1290 in
731 1220 900 1291 Chrom'cr‘
921 1222 1060 1316 syrt'twt'
1069 1236 1177 1321 parte

164 1328 312 1401 inedita¹
327 1341 449 1399 narrat
465 1352 567 1417 eum,
598 1351 710 1423 quum
738 1327 915 1416 archiater
940 1341 1033 1403 esset
1054 1330 1178 1401 Resai-
1249 1324 1253 1333 ’

165 1438 303 1525 nensis,
343 1436 554 1535 episcopum
582 1460 689 1506 suum
716 1434 928 1507 criminibus
956 1435 1178 1511 lacessivisse

164 1543 262 1642 apud
279 1544 374 1615 cives
385 1568 488 1633 suos,
503 1557 542 1613 ut
556 1543 593 1612 in
604 1541 742 1641 expulsi
752 1556 789 1617 et
802 1541 1036 1614 condemnati
1048 1542 1177 1618 locum

164 1649 387 1723 sufficeretur
400 1679 409 1739 ;
424 1652 500 1747 jam
517 1675 582 1749 per
600 1650 742 1725 fraudes
760 1651 1177 1726 variasinserviissefac·

165 1759 256 1832 tioni
271 1758 620 1857 Menophysitarum,
636 1761 861 1854 Romamque
874 1758 980 1841 irim
988 1765 1186 1858 ntAgapo.
1207 1808 1212 1815 -
1253 1774 1257 1783 “

166 1865 1172 1965 tumpapamindesecumConstantinopolimabduceret.

166 1977 248 2045 Haec
270 1988 391 2045 autem
409 1973 615 2051 testimonia
643 1998 711 2070 pro
737 1976 910 2072 suspectis
937 1973 1046 2047 habet
1071 1978 1176 2049 Asse-

166 2105 310 2169 manus,
330 2080 389 2152 cui
411 2078 539 2151 lubens
560 2081 749 2171 assentior,
765 2083 933 2178 ¹quamvis
958 2107 1093 2163 munus
1113 2086 1175 2155 in·-

166 2189 329 2287 terpretis
354 2213 428 2285 quo
458 2187 672 2284 fungebatur
699 2190 841 2286 Sergius
863 2189 950 2263 huic
975 2190 1174 2263 narrationi

166 2291 276 2366 fidem
293 2293 486 2366 conciliare
503 2293 679 2366 videatur.
704 2294 825 2367 Malim
843 2295 1018 2380 tacuisset
1043 2296 1172 2369 Barbe-

164 2401 281 2473 braeus
298 2426 378 2500 quae
393 2416 616 2500 sequuntur:
648 2404 846 2498 «Sergium
867 2404 985 2473 virum
998 2401 1168 2500 eloquen-

166 2525 239 2581 tem
258 2510 381 2601 tuisse,
409 2525 445 2582 et
466 2511 502 2580 iu
534 2514 654 2609 groecis
677 2519 719 2581 a'c
741 2510 884 2606 syriacis
907 2510 1032 2582 litteris
1055 2532 1170 2583 versa-

166 2632 261 2704 tum,
283 2618 525 2714 eumdemque
543 2619 579 2689 in
599 2633 673 2689 arte
693 2615 863 2688 medendi
890 2618 1172 2715 peritissimum

165 2724 352 2797 voluntate
377 2725 525 2821 quidem
547 2725 775 2813 eunuchum,
805 2727 966 2797 moribus
993 2751 1079 2798 vero
1110 2726 1175 2801 ad-

167 2832 320 2902 modum
345 2834 523 2928 corruptis
556 2857 598 2903 ac
626 2831 810 2931 turpibus,
844 2849 881 2905 et
905 2835 1052 2905 luxuriae
1084 2835 1174 2907 vitio

167 2963 310 3010 necnon
329 2940 483 3011 avaritiae
499 2940 768 3036 inquinatum.»
786 2947 837 3011 An
856 2940 952 3012 idem
969 2942 1014 3012 sit
1030 2942 1174 3037 Sergius

167 3060 291 3117 noster
317 3072 359 3118 ac
384 3048 526 3144 Sergius
549 3046 608 3118 ille
626 3047 818 3146 interpres,
842 3048 994 3120 Chosroi
1011 3048 1175 3145 charissi-

167 3179 265 3243 mus,
294 3156 357 3252 qui
382 3180 509 3254 regum
527 3159 714 3226 Persarum
735 3160 864 3229 seriem
882 3172 917 3228 et
938 3172 1036 3253 gesta
1052 3157 1088 3227 in
1106 3157 1183 3228 lin..

167 3287 275 3359 guam
303 3287 455 3359 graecam
483 3277 653 3360 precante
682 3264 828 3358 Agathia
851 3266 1047 3354 convertit,
1071 3272 1173 3336 Asse-

168 3395 295 3441 manus
313 3371 465 3442 definire
492 3396 567 3442 non
597 3370 706 3442 audet
719 3374 741 3440 ³.
762 3371 833 3442 Sed
852 3397 965 3468 quum
987 3373 1172 3468 utriusque

166 3476 289 3565 locus,
320 3493 420 3566 aetas,
452 3478 569 3550 studia
604 3479 842 3565 conveniant,
875 3503 934 3550 res
964 3478 1053 3550 milri
1083 3503 1171 3551 vero

207 3630 290 3693 ¹flis
309 3631 399 3711 titulis
421 3632 575 3691 decoratur
597 3634 628 3692 in
651 3631 798 3691 codicibus
820 3633 913 3692 Musei
935 3634 1110 3709 Britannici,
1133 3635 1172 3695 de

167 3720 273 3797 quibus
283 3740 351 3779 mox
365 3721 488 3785 dicetur,

207 3811 218 3844 ¹
237 3809 326 3889 Apud
337 3815 462 3882 Assem,
479 3824 500 3868 t.
515 3816 555 3884 11,
570 3833 600 3891 p.
618 3815 687 3872 323.

207 3900 218 3933 ⁸
238 3897 313 3958 Bibl.
329 3905 445 3975 orient,
458 3914 479 3959 t.
493 3905 547 3972 111,
561 3915 636 3979 part.
652 3906 676 3973 1,
691 3922 720 3978 p.
739 3904 788 3971 87,
804 3914 865 3961 not.
