2768 4776
606 325 802 397 ..30-

202 477 332 546 matica
354 490 391 545 ct
411 475 645 546 ecclesiastica
666 474 814 547 aaudiat
839 476 1060 548 Paucissimn
1083 488 1217 548 tamen

201 582 279 677 ejus
299 580 473 653 doctrinae
501 582 721 654 documenta
747 596 982 680 supererant,
1012 596 1216 679 antequam

202 690 237 760 in
263 689 391 761 oodice
415 691 536 764 14660
559 691 672 762 Musei
693 690 903 779 Britannici,
935 690 1013 762 duo
1032 691 1214 789 opuscula

202 799 312 897 ipsius
331 799 480 870 nomine
501 800 672 898 inscripta
695 798 921 896 reperirem:
947 801 982 868 l⁰
1003 803 1218 870 stoctonam

201 905 556 1004 compendiariumdc
571 906 788 1004 syllogismo,
804 905 997 977 secundm
1013 906 1216 1001 Analyarca

197 1017 328 1110 prcbra
340 1014 544 1086 Aristotelis
552 1043 567 1100 ,·
582 1018 619 1086 2⁰
630 1013 831 1109 Epaktolam
842 1038 906 1084 scu
916 1012 1084 1085 Scholmn
1094 1012 1141 1085 dc
1156 1039 1217 1086 νο-

202 1119 298 1193 cibus
324 1120 533 1219 qmbusdam
557 1118 822 1218 difficilioribus
847 1145 925 1218 quac
945 1137 1030 1192 sunt
1058 1124 1098 1192 in
1119 1121 1218 1194 latro

203 1232 272 1324 περὶ
294 1226 487 1325 Ἐρμηνείας,
513 1227 564 1300 ad
581 1230 782 1326 episcopm
803 1229 1042 1300 Aimllaham.
1069 1230 1218 1302 Brevis·

204 1337 354 1411 simaac
375 1340 460 1409 satis
474 1337 598 1434 jejuna
622 1337 815 1436 opuscula,
850 1361 931 1435 quae
957 1353 1079 1409 tamen
1103 1336 1219 1434 hujus

205 1445 378 1544 temporis
394 1459 431 1517 et
446 1461 550 1518 sectae
565 1447 603 1516 in
620 1444 836 1544 exponendo
854 1443 1040 1516 Aristotele
1059 1443 1221 1542 diligen-v

204 1555 292 1626 tiam
309 1554 562 1652 comprobant.

252 1674 374 1746 Severi
391 1671 592 1771 ‚discipulus
612 1672 678 1745 fuit
700 1673 738 1745 in
762 1673 932 1745 ooenobio
949 1673 1218 1747 kinnesrinensi

206 1782 420 1854 Athanasius
438 1781 660 1872 Baladensis,
678 1782 808 1879 lingum
822 1804 943 1878 graecoe
961 1780 1215 1880 peritissimus,

205 1891 394 1987 dictusque
402 1887 451 1961 ob
459 1888 845 1987 translationesabipso
855 1887 1218 1962 conlectaslibrorum

206 1999 411 2094 interprcs¹.
435 1995 502 2069 Hic
521 2020 618 2069 anno
641 1999 712 2071 645
733 2022 753 2068 e
775 2021 889 2094 graeco
914 1997 1020 2069 vertit
1040 2001 1219 2094 isagogen

208 2105 415 2205 Porphyrii,
436 2128 517 2202 quae
530 2103 684 2177 babetur
700 2105 737 2177 in
755 2105 940 2178 codicibus
955 2105 1214 2201 sequentibus:

206 2214 397 2306 Vaticano,
419 2215 530 2303 l58¹3
551 2214 737 2300 Mediceis,
766 2216 942 2288 tta-tsi»
958 2228 995 2285 et
1011 2213 1120 2300 l96‘3
1147 2217 1216 2288 Pa-

205 2322 365 2411 risiensi,
390 2319 479 2394 tet·
505 2327 546 2394 ln
576 2321 649 2397 fine
674 2321 756 2394 libri
783 2321 913 2420 legitur
937 2321 1015 2393 bae'c
1036 2321 1215 2421 subscrip

207 2430 257 2500 tio
277 2456 285 2498 :
314 2460 332 2498 u
354 2428 523 2502 Absoluta
546 2446 600 2501 est
617 2434 762 2526 lsagoge
777 2428 965 2528 Porphyrii
984 2422 1209 2529 philosophi.

207 2560 317 2632 quam
334 2561 354 2606 e
380 2561 495 2633 graeco
512 2537 551 2607 in
568 2537 746 2633 syriacum
770 2551 949 2626 accurate,
968 2551 1078 2634 prout
1093 2535 1211 2626 licuit,

207 2643 385 2714 convertit
402 2658 518 2715 castus
535 2643 661 2716 frater⁸
677 2642 905 2735 Athanasius,
925 2667 969 2716 ex
992 2645 1217 2718 monasterio

207 2765 334 2822 sancto
347 2750 585 2842 Beth-Maleo,
599 2770 724 2824 mense
736 2756 865 2826 Conun
879 2755 992 2825 altero
1007 2754 1094 2825 anni
1108 2754 1182 2828 956
1196 2785 1215 2820 s

209 2858 302 2954 (aerae
316 2859 614 2957 Seleucidarum).
634 2861 841 2934 Parisiensis
857 2877 892 2935 et
907 2859 1058 2933 Medicei
1070 2860 1220 2936 codices

209 2991 230 3036 e
254 2967 426 3039 Vaticano
460 2966 674 3065 profluxisse
701 2968 891 3057 videntum
924 2970 1055 3042 etenim
1093 2972 1219 3042 Romae

250 3211 260 3245 ¹
280 3217 409 3286 Assem,
424 3227 445 3271 t.
463 3216 506 3285 11,
522 3235 553 3293 p.
569 3216 630 3276 ³35
641 3227 670 3274 et
683 3227 704 3273 t.
720 3219 777 3287 111,
796 3233 863 3293 pars
877 3221 903 3287 1,
917 3237 946 3294 p.
966 3218 1036 3287 195,
1051 3226 1113 3272 not.

249 3322 260 3355 ¹
281 3328 411 3397 Assem,
425 3336 447 3382 t.
464 3329 491 3398 1,
506 3346 538 3403 p.
554 3328 688 3399 tat-943
705 3340 726 3383 t.
746 3331 790 3398 11,
805 3348 835 3404 p.
852 3329 922 3386 335.
940 3359 978 3370 -
994 3323 1148 3397 Wenricb,
1164 3343 1216 3404 op.

209 3412 257 3471 cit.
274 3433 304 3491 p.
319 3417 389 3472 280.

251 3523 262 3557 ³
281 3528 409 3597 Assem,
427 3529 520 3584 Catal.
534 3533 617 3588 codd.
634 3529 701 3588 bibl.
716 3541 808 3605 apost.
825 3531 921 3599 vatic„
936 3541 956 3584 t.
974 3532 1028 3602 111,
1040 3549 1070 3607 p.
1088 3531 1157 3588 305.

251 3634 376 3693 *Evod
402 3644 514 3696 Assem.
537 3641 629 3697 Catul.
652 3642 734 3697 codd.
760 3641 859 3695 orient.
880 3637 948 3697 bibl.
970 3641 1046 3697 med.
1075 3643 1217 3725 laurent„

211 3744 240 3803 p.
260 3728 318 3783 327
332 3738 360 3783 et
372 3728 441 3787 337.
459 3731 671 3810 Errorc'gravi,
688 3728 815 3801 Evodius
829 3732 1004 3789 Assemanus
1018 3729 1117 3791 scribit
1128 3731 1160 3790 in
1172 3728 1219 3790 bis

212 3815 359 3874 codicibus
373 3815 474 3875 haberi
494 3820 658 3878 versionem
673 3818 808 3879 Honeiui.

253 3924 264 3959 ⁸
282 3924 316 3983 ld
331 3938 373 3984 est
388 3928 554 3986 monachus.
