2768 4776
577 341 772 408 ..32-

172 488 366 560 faciliorem
386 502 493 584 atque
505 487 722 584 apertiorem
736 485 904 561 incedere
917 492 1043 588 possis.
1063 519 1081 558 u
1095 496 1187 566 Pro-

170 593 280 666 babili
297 595 505 690 conjectura
526 593 692 664 crederes
713 594 879 666 eamdem
894 621 983 668 ‘esse
1006 603 1184 698 lsagogen

171 703 266 775 hanc
277 719 439 775 nostram
451 718 558 800 atque
570 701 668 772 illam
677 702 865 800 Porphyrii
874 704 1184 780 Introductionem

172 809 222 881 ad
235 810 459 909 syllogismos
474 812 700 908 categoricos,
721 833 829 905 quam
856 809 1102 910 Abnlfaragius
1131 819 1185 888 ait

172 919 269 1012 Syris
296 931 420 989 notam
446 916 588 1006 hrisse¹,
621 916 669 987 de
704 940 776 1012 qua
806 932 926 990 tamen
955 924 1183 995 mentionem

173 1023 310 1096 nullam
325 1024 424 1123 apud
440 1023 640 1094 Fabricium
663 1022 937 1122 Harlesiumque
955 1031 1108 1127 reperio.

225 1141 434 1213 Athanasius
454 1154 580 1239 postea
604 1139 670 1210 fuit
691 1138 934 1212 Jacobitarnm
952 1144 1178 1240 patriarcha,

173 1249 280 1345 hujus
297 1248 454 1320 nominis
470 1247 663 1320 secundus.
682 1252 786 1317 Anno
805 1246 890 1335 684,
911 1249 1096 1323 ordinatus
1112 1252 1183 1328 fuit

174 1354 371 1452 insynodo
390 1353 617 1443 Resainensi,
637 1352 798 1450 obiitque
817 1379 916 1426 anno
932 1357 1019 1447 687,
1039 1374 1080 1431 ut
1095 1385 1183 1433 nar-

174 1480 230 1536 rat
242 1462 505 1552 Barhebraens'3
518 1462 616 1534 unde
630 1462 809 1558 colligitur
822 1487 905 1534 eum
916 1462 1064 1559 juvenili
1075 1481 1186 1542 aetate

174 1574 211 1644 in
236 1572 452 1644 monasterio
479 1568 700 1642 Beth-Maleo
731 1570 930 1642 scribendis
953 1573 1186 1649 versionibus

175 1678 372 1751 insudasse.
397 1678 589 1773 Dionysius
608 1690 729 1748 autem
750 1676 1032 1751 Telmaharensis
1052 1683 1185 1779 opina·

176 1802 233 1858 tur
251 1812 334 1858 eum
348 1800 598 1858 consecratum
619 1784 726 1856 fuisse
748 1809 781 1855 a.
806 1786 896 1874 688,
920 1801 1185 1887 mortuumque

175 1918 208 1966 a.
226 1896 330 1967 704⁸.
347 1892 418 1965 Sed
434 1891 578 1967 difficile
594 1905 648 1963 est
661 1907 734 1964 tam
751 1891 953 1989 longaevum
971 1895 1178 1971 admittere.

81 2014 84 2018 ’
175 2003 252 2074 Alio
267 2001 387 2090 loco⁴,
409 2006 641 2087 Assemanus,
661 2000 821 2072 confusis
837 2003 880 2073 iis
898 2026 977 2098 ‹prae
998 2003 1044 2074 ad
1056 2004 1182 2103 ipsum

174 2108 273 2181 etad
292 2109 525 2181 Athanasium
543 2112 590 2178 lll
606 2107 845 2206 patriarcham
864 2111 1061 2205 pertinent,
1082 2136 1181 2185 asse·

174 2219 220 2290 rit
235 2232 398 2289 nostrum
411 2241 509 2289 anno
521 2218 594 2290 728
607 2218 744 2289 vixisse.
1180 2232 1184 2239 “

222 2334 404 2407 Athanasii
435 2332 631 2431 discipulus
660 2331 726 2404 fuit
757 2335 955 2430 Georgius,
985 2338 1176 2437 episcopus

169 2445 328 2540 gentium
345 2467 408 2514 seu
424 2441 594 2530 Arabum,
613 2443 675 2538 qui
692 2456 728 2512 et
744 2443 820 2540 ipse
835 2444 1028 2515 Aristotelis
1041 2444 1172 2517 studio·

171 2552 330 2622 sissimus
353 2551 429 2621 fuit.
460 2550 602 2646 Legitur
617 2549 727 2620 enim
757 2549 855 2648 apud
881 2551 1172 2657 Barhebraeum‘,

171 2659 404 2731 Athanasium
429 2657 680 2757 patriarcham,
701 2683 814 2753 quum
834 2658 909 2755 jam
934 2685 977 2732 ex
1002 2659 1070 2731 hac
1095 2660 1177 2734 lnce

171 2771 387 2864 migraturus
399 2780 504 2854 esset,
521 2765 730 2865 praecepisse
747 2780 786 2838 ut
799 2769 974 2864 Georgius
986 2769 1179 2868 episcopus

168 2877 327 2973 genn'um
344 2887 537 2962 crearetur,
558 2874 639 2970 qui,
658 2871 802 2947 duobus
821 2890 904 2974 post
923 2877 1000 2971 ejus
1017 2891 1176 2949 mortem

170 2981 368 3075 mensibus,
398 3005 496 3053 anno
527 2981 599 3054 687
623 2981 809 3055 ordinatus
833 3000 898 3056 est.
927 2989 1059 3056 Auctor
1086 2985 1178 3058 alius

169 3102 310 3179 nmen,
323 3093 517 3162 Assemano
531 3090 611 3186 jure
627 3077 830 3189 suspectus,
845 3106 966 3166 censet
981 3117 1064 3165 enm
1079 3118 1173 3166 con·-

208 3308 217 3341 ¹
238 3310 330 3376 Dran,
351 3327 381 3383 p.
405 3308 454 3368 et.
475 3308 633 3367 Pocockius
651 3328 804 3391 perperam
826 3312 912 3370 vertit
931 3313 1103 3387 syllogismos
1125 3323 1173 3366 tn·

164 3417 255 3472 precs.

206 3507 218 3540 ²
237 3513 349 3563 Assem.
374 3504 449 3563 Bibl.
472 3510 586 3579 orient,
607 3521 628 3565 t.
651 3512 698 3579 11,
727 3510 794 3566 335.
819 3539 856 3553 -
876 3510 967 3566 Catal.
992 3513 1073 3568 codd.
1097 3510 1166 3570 bibl.

167 3610 237 3664 vat,
254 3609 274 3653 t.
288 3597 342 3663 III,
358 3613 387 3670 p.
405 3594 473 3650 306.

207 3705 218 3739 ⁸
236 3711 346 3764 Assem.
353 3747 362 3776 ,
376 3703 450 3760 Bibl.
470 3715 585 3780 ortena,
599 3722 619 3766 t.
634 3714 664 3780 l,
680 3729 710 3786 p.
727 3712 860 3779 tea-943
877 3721 897 3766 t.
911 3712 956 3782 ll,
968 3731 998 3787 p.
1017 3714 1086 3770 105.

205 3823 215 3856 ⁸
234 3817 324 3888 Ibid,
341 3831 360 3874 t.
377 3822 421 3888 II,
438 3839 467 3897 p.
487 3823 535 3892 ¹15,
554 3827 602 3883 78.

206 3933 216 3966 ⁵
236 3928 325 3999 thid,
341 3941 360 3986 t.
377 3933 423 4001 11,
437 3951 465 4007 p.
484 3933 553 3989 335.
