<?xml version="1.0" encoding="UTF-8"?>
<!DOCTYPE html PUBLIC "-//W3C//DTD XHTML 1.0 Transitional//EN"
    "http://www.w3.org/TR/xhtml1/DTD/xhtml1-transitional.dtd">
<html xmlns="http://www.w3.org/1999/xhtml" xml:lang="en" lang="en">
 <head>
  <title>
</title>
<meta http-equiv="Content-Type" content="text/html;charset=utf-8" />
  <meta name='ocr-system' content='tesseract 3.04.00' />
  <meta name='ocr-capabilities' content='ocr_page ocr_carea ocr_par ocr_line ocrx_word'/>
</head>
<body>
  <div class='ocr_page' id='page_1' title='image "./dephilosophiape00renagoog_0064.png"; bbox 0 0 2768 4776; ppageno 0'>
   <div class='ocr_carea' id='block_1_1' title="bbox 526 378 723 447">
    <p class='ocr_par' dir='ltr' id='par_1_1' title="bbox 526 378 723 447">
     <span class='ocr_line' id='line_1_1' title="bbox 526 378 723 447; baseline -0.005 -15"><span class='ocrx_word' id='word_1_1' title='bbox 526 378 723 447; x_wconf 65' lang='lat'><strong>..53-</strong></span> 
     </span>
    </p>
   </div>
   <div class='ocr_carea' id='block_1_2' title="bbox 121 524 1225 3740">
    <p class='ocr_par' dir='ltr' id='par_1_2' title="bbox 121 524 1225 2883">
     <span class='ocr_line' id='line_1_2' title="bbox 121 524 1126 626; baseline 0 -28"><span class='ocrx_word' id='word_1_2' title='bbox 121 527 239 600; x_wconf 83' lang='lat' dir='ltr'>natale</span> <span class='ocrx_word' id='word_1_3' title='bbox 261 528 672 626; x_wconf 77' lang='lat' dir='ltr'>ingenium‘despondit,</span> <span class='ocrx_word' id='word_1_4' title='bbox 696 528 835 623; x_wconf 84' lang='lat' dir='ltr'>sibique</span> <span class='ocrx_word' id='word_1_5' title='bbox 855 524 1126 623; x_wconf 82' lang='lat' dir='ltr'>mythologiam,</span> 
     </span>
     <span class='ocr_line' id='line_1_3' title="bbox 121 632 1129 734; baseline -0.001 -29"><span class='ocrx_word' id='word_1_6' title='bbox 121 658 325 733; x_wconf 88' lang='lat' dir='ltr'>epopoeam,</span> <span class='ocrx_word' id='word_1_7' title='bbox 348 635 616 734; x_wconf 84' lang='lat' dir='ltr'>philosophiam</span> <span class='ocrx_word' id='word_1_8' title='bbox 634 635 820 732; x_wconf 81' lang='lat' dir='ltr'>propriam</span> <span class='ocrx_word' id='word_1_9' title='bbox 834 632 981 705; x_wconf 83' lang='lat' dir='ltr'>effinxit.</span> <span class='ocrx_word' id='word_1_10' title='bbox 1007 632 1047 703; x_wconf 89' lang='lat' dir='ltr'>Id</span> <span class='ocrx_word' id='word_1_11' title='bbox 1065 658 1129 731; x_wconf 88' lang='lat' dir='ltr'>po·</span> 
     </span>
     <span class='ocr_line' id='line_1_4' title="bbox 121 739 1130 839; baseline 0.001 -28"><span class='ocrx_word' id='word_1_12' title='bbox 121 742 297 813; x_wconf 75' lang='lat' dir='ltr'><strong>tissimum</strong></span> <span class='ocrx_word' id='word_1_13' title='bbox 315 744 432 814; x_wconf 85' lang='lat' dir='ltr'>evenit</span> <span class='ocrx_word' id='word_1_14' title='bbox 451 739 638 814; x_wconf 77' lang='lat' dir='ltr'>Abbasidis</span> <span class='ocrx_word' id='word_1_15' title='bbox 650 765 770 812; x_wconf 90' lang='lat' dir='ltr'>rerum</span> <span class='ocrx_word' id='word_1_16' title='bbox 783 739 1002 839; x_wconf 88' lang='lat' dir='ltr'>potientibus</span> <span class='ocrx_word' id='word_1_17' title='bbox 1016 740 1130 835; x_wconf 87' lang='lat' dir='ltr'>(auno</span> 
     </span>
     <span class='ocr_line' id='line_1_5' title="bbox 122 846 1130 946; baseline -0.001 -26"><span class='ocrx_word' id='word_1_18' title='bbox 122 847 206 920; x_wconf 91' lang='lat' dir='ltr'>Chr.</span> <span class='ocrx_word' id='word_1_19' title='bbox 227 851 324 946; x_wconf 79' lang='grc'>750).</span> <span class='ocrx_word' id='word_1_20' title='bbox 346 855 429 921; x_wconf 87' lang='lat' dir='ltr'>Haec</span> <span class='ocrx_word' id='word_1_21' title='bbox 444 850 541 920; x_wconf 89' lang='lat' dir='ltr'>enirn</span> <span class='ocrx_word' id='word_1_22' title='bbox 567 848 699 919; x_wconf 91' lang='lat' dir='ltr'>domus</span> <span class='ocrx_word' id='word_1_23' title='bbox 717 848 854 945; x_wconf 89' lang='lat' dir='ltr'>persica</span> <span class='ocrx_word' id='word_1_24' title='bbox 872 863 948 918; x_wconf 88' lang='lat' dir='ltr'>erat</span> <span class='ocrx_word' id='word_1_25' title='bbox 970 846 1130 919; x_wconf 90' lang='lat' dir='ltr'>moribus</span> 
     </span>
     <span class='ocr_line' id='line_1_6' title="bbox 121 953 1132 1055; baseline -0.003 -26"><span class='ocrx_word' id='word_1_26' title='bbox 121 972 229 1055; x_wconf 89' lang='lat' dir='ltr'>atque</span> <span class='ocrx_word' id='word_1_27' title='bbox 242 959 401 1055; x_wconf 86' lang='lat' dir='ltr'>ingenio.</span> <span class='ocrx_word' id='word_1_28' title='bbox 420 955 548 1026; x_wconf 70' lang='lat' dir='ltr'>Meldia</span> <span class='ocrx_word' id='word_1_29' title='bbox 559 953 730 1053; x_wconf 79' lang='lat' dir='ltr'>deinceps</span> <span class='ocrx_word' id='word_1_30' title='bbox 742 955 893 1024; x_wconf 91' lang='lat' dir='ltr'>omnino</span> <span class='ocrx_word' id='word_1_31' title='bbox 902 955 1012 1048; x_wconf 75' lang='lat' dir='ltr'>jacet,</span> <span class='ocrx_word' id='word_1_32' title='bbox 1032 979 1132 1026; x_wconf 92' lang='lat' dir='ltr'>nunc</span> 
     </span>
     <span class='ocr_line' id='line_1_7' title="bbox 121 1060 1132 1158; baseline -0.002 -22"><span class='ocrx_word' id='word_1_33' title='bbox 121 1090 270 1138; x_wconf 86' lang='lat' dir='ltr'>summae</span> <span class='ocrx_word' id='word_1_34' title='bbox 282 1091 339 1135; x_wconf 93' lang='lat' dir='ltr'>res</span> <span class='ocrx_word' id='word_1_35' title='bbox 356 1060 527 1158; x_wconf 82' lang='lat' dir='ltr'>Bagdadi,</span> <span class='ocrx_word' id='word_1_36' title='bbox 543 1062 651 1150; x_wconf 74' lang='lat' dir='ltr'>eutae,</span> <span class='ocrx_word' id='word_1_37' title='bbox 672 1066 799 1150; x_wconf 89' lang='lat' dir='ltr'>Basrae,</span> <span class='ocrx_word' id='word_1_38' title='bbox 815 1062 851 1131; x_wconf 93' lang='lat' dir='ltr'>in</span> <span class='ocrx_word' id='word_1_39' title='bbox 872 1062 1132 1157; x_wconf 89' lang='lat' dir='ltr'>Syria,·Kbora·</span> 
     </span>
     <span class='ocr_line' id='line_1_8' title="bbox 122 1169 1130 1268; baseline -0.002 -24"><span class='ocrx_word' id='word_1_40' title='bbox 122 1197 222 1258; x_wconf 87' lang='lat' dir='ltr'>sana,</span> <span class='ocrx_word' id='word_1_41' title='bbox 236 1186 272 1242; x_wconf 90' lang='lat' dir='ltr'>et</span> <span class='ocrx_word' id='word_1_42' title='bbox 287 1169 482 1266; x_wconf 87' lang='lat' dir='ltr'>provinciis</span> <span class='ocrx_word' id='word_1_43' title='bbox 496 1170 641 1268; x_wconf 79' lang='lat' dir='ltr'>persicis</span> <span class='ocrx_word' id='word_1_44' title='bbox 655 1185 810 1266; x_wconf 84' lang='lat' dir='ltr'>aguntur</span> <span class='ocrx_word' id='word_1_45' title='bbox 825 1197 832 1238; x_wconf 91' lang='lat'>:</span> <span class='ocrx_word' id='word_1_46' title='bbox 846 1193 967 1240; x_wconf 92' lang='lat' dir='ltr'>mores</span> <span class='ocrx_word' id='word_1_47' title='bbox 979 1170 1130 1242; x_wconf 89' lang='lat' dir='ltr'>omnino</span> 
     </span>
     <span class='ocr_line' id='line_1_9' title="bbox 123 1270 1135 1374; baseline 0.001 -27"><span class='ocrx_word' id='word_1_48' title='bbox 123 1281 371 1347; x_wconf 91' lang='lat' dir='ltr'>immutantur.</span> <span class='ocrx_word' id='word_1_49' title='bbox 401 1270 633 1374; x_wconf 84' lang='lat' dir='ltr'>Simplicitas,</span> <span class='ocrx_word' id='word_1_50' title='bbox 665 1279 892 1362; x_wconf 88' lang='lat' dir='ltr'>innocentia,</span> <span class='ocrx_word' id='word_1_51' title='bbox 920 1275 1009 1348; x_wconf 90' lang='lat' dir='ltr'>fides</span> <span class='ocrx_word' id='word_1_52' title='bbox 1036 1274 1135 1366; x_wconf 65' lang='lat' dir='ltr'>vete-1</span> 
     </span>
     <span class='ocr_line' id='line_1_10' title="bbox 125 1383 1196 1482; baseline 0.001 -28"><span class='ocrx_word' id='word_1_53' title='bbox 125 1408 205 1455; x_wconf 94' lang='lat' dir='ltr'>rum</span> <span class='ocrx_word' id='word_1_54' title='bbox 234 1383 389 1455; x_wconf 80' lang='lat' dir='ltr'>Arabum</span> <span class='ocrx_word' id='word_1_55' title='bbox 422 1409 566 1480; x_wconf 89' lang='lat' dir='ltr'>pessum</span> <span class='ocrx_word' id='word_1_56' title='bbox 597 1399 708 1472; x_wconf 84' lang='lat' dir='ltr'>eunt3</span> <span class='ocrx_word' id='word_1_57' title='bbox 742 1385 902 1456; x_wconf 83' lang='lat' dir='ltr'>virorum</span> <span class='ocrx_word' id='word_1_58' title='bbox 935 1383 1132 1455; x_wconf 87' lang='lat' dir='ltr'>liberorum</span> <span class='ocrx_word' id='word_1_59' title='bbox 1193 1477 1196 1482; x_wconf 25' lang='grc'>-</span> 
     </span>
     <span class='ocr_line' id='line_1_11' title="bbox 126 1488 1131 1591; baseline 0.002 -30"><span class='ocrx_word' id='word_1_60' title='bbox 126 1491 289 1586; x_wconf 87' lang='lat' dir='ltr'>majestas</span> <span class='ocrx_word' id='word_1_61' title='bbox 302 1491 471 1581; x_wconf 64' lang='lat' dir='ltr'>violatum</span> <span class='ocrx_word' id='word_1_62' title='bbox 482 1517 632 1587; x_wconf 88' lang='lat' dir='ltr'>regnum</span> <span class='ocrx_word' id='word_1_63' title='bbox 643 1491 684 1564; x_wconf 83' lang='lat' dir='ltr'>fn</span> <span class='ocrx_word' id='word_1_64' title='bbox 694 1517 715 1564; x_wconf 92' lang='lat' dir='ltr'>a</span> <span class='ocrx_word' id='word_1_65' title='bbox 726 1491 912 1563; x_wconf 87' lang='lat' dir='ltr'>voluntate</span> <span class='ocrx_word' id='word_1_66' title='bbox 926 1493 1033 1564; x_wconf 90' lang='lat' dir='ltr'>unius</span> <span class='ocrx_word' id='word_1_67' title='bbox 1047 1488 1131 1591; x_wconf 70' lang='lat' dir='ltr'>pen&#39;·</span> 
     </span>
     <span class='ocr_line' id='line_1_12' title="bbox 125 1598 1134 1699; baseline 0.002 -28"><span class='ocrx_word' id='word_1_68' title='bbox 125 1599 213 1671; x_wconf 87' lang='lat' dir='ltr'>dens</span> <span class='ocrx_word' id='word_1_69' title='bbox 240 1598 442 1697; x_wconf 81' lang='lat' dir='ltr'>respublica</span> <span class='ocrx_word' id='word_1_70' title='bbox 471 1600 679 1691; x_wconf 88' lang='lat' dir='ltr'>islamitica,</span> <span class='ocrx_word' id='word_1_71' title='bbox 716 1624 795 1697; x_wconf 86' lang='lat' dir='ltr'>quae</span> <span class='ocrx_word' id='word_1_72' title='bbox 816 1602 916 1699; x_wconf 90' lang='lat' dir='ltr'>prius</span> <span class='ocrx_word' id='word_1_73' title='bbox 942 1603 1043 1672; x_wconf 90' lang='lat' dir='ltr'>omni</span> <span class='ocrx_word' id='word_1_74' title='bbox 1069 1604 1134 1685; x_wconf 88' lang='lat' dir='ltr'>im-</span> 
     </span>
     <span class='ocr_line' id='line_1_13' title="bbox 124 1707 1134 1807; baseline 0.003 -29"><span class='ocrx_word' id='word_1_75' title='bbox 124 1709 224 1804; x_wconf 90' lang='lat' dir='ltr'>perio</span> <span class='ocrx_word' id='word_1_76' title='bbox 240 1707 403 1796; x_wconf 89' lang='lat' dir='ltr'>carebat;</span> <span class='ocrx_word' id='word_1_77' title='bbox 425 1733 522 1779; x_wconf 90' lang='lat' dir='ltr'>nunc</span> <span class='ocrx_word' id='word_1_78' title='bbox 538 1708 618 1780; x_wconf 88' lang='lat' dir='ltr'>aula</span> <span class='ocrx_word' id='word_1_79' title='bbox 637 1709 733 1804; x_wconf 83' lang='lat' dir='ltr'>regia</span> <span class='ocrx_word' id='word_1_80' title='bbox 750 1707 919 1804; x_wconf 86' lang='lat' dir='ltr'>Bagdadi,</span> <span class='ocrx_word' id='word_1_81' title='bbox 941 1725 1134 1807; x_wconf 89' lang='lat' dir='ltr'>apparatus</span> 
     </span>
     <span class='ocr_line' id='line_1_14' title="bbox 123 1815 1134 1912; baseline 0 -25"><span class='ocrx_word' id='word_1_82' title='bbox 123 1815 263 1912; x_wconf 87' lang='lat' dir='ltr'>persici,</span> <span class='ocrx_word' id='word_1_83' title='bbox 279 1839 414 1905; x_wconf 88' lang='lat' dir='ltr'>carcer,</span> <span class='ocrx_word' id='word_1_84' title='bbox 432 1819 626 1904; x_wconf 88' lang='lat' dir='ltr'>tormenta,</span> <span class='ocrx_word' id='word_1_85' title='bbox 642 1839 760 1904; x_wconf 90' lang='lat' dir='ltr'>neces,</span> <span class='ocrx_word' id='word_1_86' title='bbox 775 1838 856 1911; x_wconf 86' lang='lat' dir='ltr'>quae</span> <span class='ocrx_word' id='word_1_87' title='bbox 867 1816 992 1886; x_wconf 89' lang='lat' dir='ltr'>omnia</span> <span class='ocrx_word' id='word_1_88' title='bbox 1005 1815 1134 1887; x_wconf 81' lang='lat' dir='ltr'>Arabi·</span> 
     </span>
     <span class='ocr_line' id='line_1_15' title="bbox 124 1916 1134 2019; baseline 0.002 -26"><span class='ocrx_word' id='word_1_89' title='bbox 124 1921 191 1994; x_wconf 90' lang='lat' dir='ltr'>bus</span> <span class='ocrx_word' id='word_1_90' title='bbox 206 1921 359 1994; x_wconf 90' lang='lat' dir='ltr'>antehac</span> <span class='ocrx_word' id='word_1_91' title='bbox 379 1923 520 1995; x_wconf 79' lang='lat' dir='ltr'>fuerant</span> <span class='ocrx_word' id='word_1_92' title='bbox 536 1923 671 2019; x_wconf 79' lang='lat' dir='ltr'>ignota.</span> <span class='ocrx_word' id='word_1_93' title='bbox 695 1927 737 1994; x_wconf 78' lang='lat' dir='ltr'>At</span> <span class='ocrx_word' id='word_1_94' title='bbox 760 1922 864 1994; x_wconf 90' lang='lat' dir='ltr'>simul</span> <span class='ocrx_word' id='word_1_95' title='bbox 888 1916 992 1994; x_wconf 88' lang='lat' dir='ltr'>novis</span> <span class='ocrx_word' id='word_1_96' title='bbox 1008 1923 1134 1996; x_wconf 87' lang='lat' dir='ltr'>studiis</span> 
     </span>
     <span class='ocr_line' id='line_1_16' title="bbox 124 2026 1131 2128; baseline 0.005 -31"><span class='ocrx_word' id='word_1_97' title='bbox 124 2029 183 2100; x_wconf 86' lang='lat' dir='ltr'>via</span> <span class='ocrx_word' id='word_1_98' title='bbox 198 2045 335 2128; x_wconf 88' lang='lat' dir='ltr'>aperta.</span> <span class='ocrx_word' id='word_1_99' title='bbox 350 2029 532 2127; x_wconf 88' lang='lat' dir='ltr'>Principes</span> <span class='ocrx_word' id='word_1_100' title='bbox 548 2028 600 2118; x_wconf 90' lang='lat' dir='ltr'>hi,</span> <span class='ocrx_word' id='word_1_101' title='bbox 618 2029 754 2101; x_wconf 91' lang='lat' dir='ltr'>sciendi</span> <span class='ocrx_word' id='word_1_102' title='bbox 770 2026 964 2127; x_wconf 87' lang='lat' dir='ltr'>cupiditate</span> <span class='ocrx_word' id='word_1_103' title='bbox 976 2032 1131 2121; x_wconf 84' lang='lat' dir='ltr'>accensi,</span> 
     </span>
     <span class='ocr_line' id='line_1_17' title="bbox 124 2135 1132 2234; baseline 0.003 -28"><span class='ocrx_word' id='word_1_104' title='bbox 124 2135 434 2234; x_wconf 77' lang='lat' dir='ltr'>undiquescmina</span> <span class='ocrx_word' id='word_1_105' title='bbox 448 2137 694 2210; x_wconf 87' lang='lat' dir='ltr'>doctrinarum</span> <span class='ocrx_word' id='word_1_106' title='bbox 710 2138 944 2234; x_wconf 88' lang='lat' dir='ltr'>conquirunt,</span> <span class='ocrx_word' id='word_1_107' title='bbox 961 2139 998 2208; x_wconf 87' lang='lat' dir='ltr'>in</span> <span class='ocrx_word' id='word_1_108' title='bbox 1016 2137 1132 2228; x_wconf 86' lang='lat' dir='ltr'>India,</span> 
     </span>
     <span class='ocr_line' id='line_1_18' title="bbox 126 2242 1131 2343; baseline 0.002 -28"><span class='ocrx_word' id='word_1_109' title='bbox 126 2242 223 2343; x_wconf 87' lang='lat' dir='ltr'>apud</span> <span class='ocrx_word' id='word_1_110' title='bbox 241 2247 377 2340; x_wconf 80' lang='lat' dir='ltr'>Magos,</span> <span class='ocrx_word' id='word_1_111' title='bbox 398 2246 698 2342; x_wconf 51' lang='lat' dir='ltr'>Graecos,*Syros.</span> <span class='ocrx_word' id='word_1_112' title='bbox 727 2247 927 2333; x_wconf 85' lang='lat' dir='ltr'>Quantum,</span> <span class='ocrx_word' id='word_1_113' title='bbox 949 2244 999 2315; x_wconf 91' lang='lat' dir='ltr'>dii</span> <span class='ocrx_word' id='word_1_114' title='bbox 1014 2245 1105 2317; x_wconf 90' lang='lat' dir='ltr'>boni·</span> <span class='ocrx_word' id='word_1_115' title='bbox 1121 2244 1131 2316; x_wconf 86' lang='lat'>1</span> 
     </span>
     <span class='ocr_line' id='line_1_19' title="bbox 125 2350 1135 2452; baseline 0.001 -30"><span class='ocrx_word' id='word_1_116' title='bbox 125 2350 298 2423; x_wconf 87' lang='lat' dir='ltr'>distamus</span> <span class='ocrx_word' id='word_1_117' title='bbox 306 2351 422 2423; x_wconf 88' lang='lat' dir='ltr'>abilla</span> <span class='ocrx_word' id='word_1_118' title='bbox 433 2352 573 2423; x_wconf 91' lang='lat' dir='ltr'>sincera</span> <span class='ocrx_word' id='word_1_119' title='bbox 583 2366 619 2422; x_wconf 90' lang='lat' dir='ltr'>et</span> <span class='ocrx_word' id='word_1_120' title='bbox 627 2353 784 2447; x_wconf 84' lang='lat' dir='ltr'>genuina</span> <span class='ocrx_word' id='word_1_121' title='bbox 792 2352 1050 2425; x_wconf 86' lang='lat' dir='ltr'>Moslemorum</span> <span class='ocrx_word' id='word_1_122' title='bbox 1064 2355 1135 2452; x_wconf 87' lang='lat' dir='ltr'>pri·</span> 
     </span>
     <span class='ocr_line' id='line_1_20' title="bbox 124 2458 1134 2558; baseline 0.002 -28"><span class='ocrx_word' id='word_1_123' title='bbox 124 2458 583 2557; x_wconf 85' lang='lat' dir='ltr'>maevorumfide,quinihil</span> <span class='ocrx_word' id='word_1_124' title='bbox 592 2458 954 2532; x_wconf 79' lang='lat' dir='ltr'>aliud-bisicoranum</span> <span class='ocrx_word' id='word_1_125' title='bbox 965 2461 1134 2558; x_wconf 88' lang='lat' dir='ltr'>dictaque</span> 
     </span>
     <span class='ocr_line' id='line_1_21' title="bbox 126 2568 1129 2667; baseline 0.001 -27"><span class='ocrx_word' id='word_1_126' title='bbox 126 2570 313 2667; x_wconf 85' lang='lat' dir='ltr'>Prophetae</span> <span class='ocrx_word' id='word_1_127' title='bbox 327 2571 449 2641; x_wconf 86' lang='lat' dir='ltr'>animo</span> <span class='ocrx_word' id='word_1_128' title='bbox 465 2568 645 2656; x_wconf 85' lang='lat' dir='ltr'>colebant,</span> <span class='ocrx_word' id='word_1_129' title='bbox 658 2571 741 2641; x_wconf 85' lang='lat' dir='ltr'>vitae</span> <span class='ocrx_word' id='word_1_130' title='bbox 750 2596 817 2642; x_wconf 91' lang='lat' dir='ltr'>usu</span> <span class='ocrx_word' id='word_1_131' title='bbox 830 2569 1129 2667; x_wconf 83' lang='lat' dir='ltr'>frequentabant!</span> 
     </span>
     <span class='ocr_line' id='line_1_22' title="bbox 125 2674 1225 2773; baseline 0.005 -27"><span class='ocrx_word' id='word_1_132' title='bbox 125 2676 313 2749; x_wconf 86' lang='lat' dir='ltr'>lslamitica</span> <span class='ocrx_word' id='word_1_133' title='bbox 329 2677 425 2747; x_wconf 90' lang='lat' dir='ltr'>enim</span> <span class='ocrx_word' id='word_1_134' title='bbox 437 2676 561 2773; x_wconf 84' lang='lat' dir='ltr'>religio</span> <span class='ocrx_word' id='word_1_135' title='bbox 572 2678 722 2748; x_wconf 91' lang='lat' dir='ltr'>minime</span> <span class='ocrx_word' id='word_1_136' title='bbox 738 2679 812 2748; x_wconf 86' lang='lat' dir='ltr'>baec</span> <span class='ocrx_word' id='word_1_137' title='bbox 825 2679 941 2750; x_wconf 88' lang='lat' dir='ltr'>studia</span> <span class='ocrx_word' id='word_1_138' title='bbox 953 2674 1136 2750; x_wconf 85' lang='lat' dir='ltr'>commen·</span> <span class='ocrx_word' id='word_1_139' title='bbox 1222 2766 1225 2771; x_wconf 67' lang='lat'>,</span> 
     </span>
     <span class='ocr_line' id='line_1_23' title="bbox 126 2783 1135 2883; baseline 0.001 -26"><span class='ocrx_word' id='word_1_140' title='bbox 126 2785 254 2875; x_wconf 78' lang='lat' dir='ltr'>dabat,</span> <span class='ocrx_word' id='word_1_141' title='bbox 274 2783 430 2882; x_wconf 92' lang='lat' dir='ltr'>ideoque</span> <span class='ocrx_word' id='word_1_142' title='bbox 454 2783 589 2856; x_wconf 83' lang='lat' dir='ltr'>sactum</span> <span class='ocrx_word' id='word_1_143' title='bbox 613 2799 652 2855; x_wconf 92' lang='lat' dir='ltr'>ut</span> <span class='ocrx_word' id='word_1_144' title='bbox 670 2784 716 2856; x_wconf 93' lang='lat' dir='ltr'>de</span> <span class='ocrx_word' id='word_1_145' title='bbox 733 2783 887 2882; x_wconf 76' lang='grc' dir='ltr'>ὀρθοδοξίᾳ</span> <span class='ocrx_word' id='word_1_146' title='bbox 905 2810 1017 2856; x_wconf 51' lang='lat' dir='ltr'>novae¹</span> <span class='ocrx_word' id='word_1_147' title='bbox 1028 2786 1135 2883; x_wconf 86' lang='lat' dir='ltr'>hujus</span> 
     </span>
    </p>

    <p class='ocr_par' dir='ltr' id='par_1_3' title="bbox 125 2891 1132 2990">
     <span class='ocr_line' id='line_1_24' title="bbox 125 2891 1132 2990; baseline 0.001 -25"><span class='ocrx_word' id='word_1_148' title='bbox 125 2891 335 2966; x_wconf 85' lang='lat' dir='ltr'>ebalifarum</span> <span class='ocrx_word' id='word_1_149' title='bbox 343 2891 554 2990; x_wconf 86' lang='lat' dir='ltr'>propaginis</span> <span class='ocrx_word' id='word_1_150' title='bbox 564 2893 656 2964; x_wconf 89' lang='lat' dir='ltr'>male</span> <span class='ocrx_word' id='word_1_151' title='bbox 664 2894 870 2965; x_wconf 90' lang='lat' dir='ltr'>sentiretur.</span> <span class='ocrx_word' id='word_1_152' title='bbox 884 2893 1132 2983; x_wconf 84' lang='lat' dir='ltr'>Almamunus,</span> 
     </span>
    </p>

    <p class='ocr_par' dir='ltr' id='par_1_4' title="bbox 126 2999 1135 3100">
     <span class='ocr_line' id='line_1_25' title="bbox 126 2999 1135 3100; baseline 0.003 -29"><span class='ocrx_word' id='word_1_153' title='bbox 126 3002 188 3096; x_wconf 90' lang='lat' dir='ltr'>qui</span> <span class='ocrx_word' id='word_1_154' title='bbox 204 3000 311 3096; x_wconf 89' lang='lat' dir='ltr'>hujus</span> <span class='ocrx_word' id='word_1_155' title='bbox 328 2999 463 3072; x_wconf 89' lang='lat' dir='ltr'>laboris</span> <span class='ocrx_word' id='word_1_156' title='bbox 479 3015 606 3072; x_wconf 89' lang='lat' dir='ltr'>auctor</span> <span class='ocrx_word' id='word_1_157' title='bbox 622 3003 826 3100; x_wconf 85' lang='lat' dir='ltr'>praecipuus</span> <span class='ocrx_word' id='word_1_158' title='bbox 849 3002 927 3088; x_wconf 83' lang='lat' dir='ltr'>fuit,</span> <span class='ocrx_word' id='word_1_159' title='bbox 949 3001 1135 3074; x_wconf 84' lang='lat' dir='ltr'>haereticus</span> 
     </span>
    </p>

    <p class='ocr_par' dir='ltr' id='par_1_5' title="bbox 128 3106 1136 3204">
     <span class='ocr_line' id='line_1_26' title="bbox 128 3106 1136 3204; baseline 0.002 -29"><span class='ocrx_word' id='word_1_160' title='bbox 128 3107 200 3177; x_wconf 82' lang='lat' dir='ltr'>fere</span> <span class='ocrx_word' id='word_1_161' title='bbox 213 3107 367 3178; x_wconf 88' lang='lat' dir='ltr'>habetur</span> <span class='ocrx_word' id='word_1_162' title='bbox 379 3108 476 3204; x_wconf 89' lang='lat' dir='ltr'>apud</span> <span class='ocrx_word' id='word_1_163' title='bbox 487 3108 697 3195; x_wconf 87' lang='lat' dir='ltr'>Moslemos,</span> <span class='ocrx_word' id='word_1_164' title='bbox 711 3111 756 3179; x_wconf 92' lang='lat' dir='ltr'>de</span> <span class='ocrx_word' id='word_1_165' title='bbox 769 3110 884 3179; x_wconf 89' lang='lat' dir='ltr'>salute</span> <span class='ocrx_word' id='word_1_166' title='bbox 894 3110 1004 3204; x_wconf 90' lang='lat' dir='ltr'>ipsius</span> <span class='ocrx_word' id='word_1_167' title='bbox 1013 3106 1136 3178; x_wconf 81' lang='lat' dir='ltr'>zelotae</span> 
     </span>
    </p>

    <p class='ocr_par' dir='ltr' id='par_1_6' title="bbox 127 3211 1133 3314">
     <span class='ocr_line' id='line_1_27' title="bbox 127 3211 1133 3314; baseline -0.001 -30"><span class='ocrx_word' id='word_1_168' title='bbox 127 3211 349 3301; x_wconf 85' lang='lat' dir='ltr'>dubitarunt,</span> <span class='ocrx_word' id='word_1_169' title='bbox 381 3239 528 3311; x_wconf 89' lang='lat' dir='ltr'>unoque</span> <span class='ocrx_word' id='word_1_170' title='bbox 561 3241 627 3286; x_wconf 91' lang='lat' dir='ltr'>ore</span> <span class='ocrx_word' id='word_1_171' title='bbox 661 3215 899 3314; x_wconf 82' lang='lat' dir='ltr'>praedicarunt</span> <span class='ocrx_word' id='word_1_172' title='bbox 919 3246 936 3278; x_wconf 86' lang='lat'>«</span> <span class='ocrx_word' id='word_1_173' title='bbox 954 3214 1031 3283; x_wconf 81' lang='lat' dir='ltr'>fieri</span> <span class='ocrx_word' id='word_1_174' title='bbox 1058 3237 1133 3282; x_wconf 92' lang='lat' dir='ltr'>non</span> 
     </span>
    </p>

    <p class='ocr_par' dir='ltr' id='par_1_7' title="bbox 125 3321 1136 3420">
     <span class='ocr_line' id='line_1_28' title="bbox 125 3321 1136 3420; baseline -0.003 -28"><span class='ocrx_word' id='word_1_175' title='bbox 125 3345 232 3420; x_wconf 91' lang='lat' dir='ltr'>posse</span> <span class='ocrx_word' id='word_1_176' title='bbox 255 3323 343 3418; x_wconf 90' lang='lat' dir='ltr'>quin</span> <span class='ocrx_word' id='word_1_177' title='bbox 362 3327 457 3394; x_wconf 90' lang='lat' dir='ltr'>Deus</span> <span class='ocrx_word' id='word_1_178' title='bbox 480 3339 594 3394; x_wconf 90' lang='lat' dir='ltr'>certas</span> <span class='ocrx_word' id='word_1_179' title='bbox 615 3322 661 3393; x_wconf 93' lang='lat' dir='ltr'>de</span> <span class='ocrx_word' id='word_1_180' title='bbox 692 3321 905 3394; x_wconf 81' lang='lat' dir='ltr'>Almamuno</span> <span class='ocrx_word' id='word_1_181' title='bbox 927 3344 1051 3418; x_wconf 90' lang='lat' dir='ltr'>poenas</span> <span class='ocrx_word' id='word_1_182' title='bbox 1074 3345 1136 3390; x_wconf 86' lang='lat' dir='ltr'>su—</span> 
     </span>
    </p>

    <p class='ocr_par' dir='ltr' id='par_1_8' title="bbox 124 3427 1159 3634">
     <span class='ocr_line' id='line_1_29' title="bbox 125 3427 1135 3528; baseline -0.001 -29"><span class='ocrx_word' id='word_1_183' title='bbox 125 3438 262 3518; x_wconf 88' lang='lat' dir='ltr'>meret,</span> <span class='ocrx_word' id='word_1_184' title='bbox 298 3429 399 3527; x_wconf 89' lang='lat' dir='ltr'>quod</span> <span class='ocrx_word' id='word_1_185' title='bbox 437 3429 611 3502; x_wconf 89' lang='lat' dir='ltr'>doctrinis</span> <span class='ocrx_word' id='word_1_186' title='bbox 650 3428 888 3528; x_wconf 73' lang='lat' dir='ltr'>philosophiae</span> <span class='ocrx_word' id='word_1_187' title='bbox 921 3427 1135 3499; x_wconf 87' lang='lat' dir='ltr'>introductis</span> 
     </span>
     <span class='ocr_line' id='line_1_30' title="bbox 124 3535 1136 3634; baseline -0.001 -26"><span class='ocrx_word' id='word_1_188' title='bbox 124 3536 511 3610; x_wconf 83' lang='lat' dir='ltr'>Mobarnmcdanorum</span> <span class='ocrx_word' id='word_1_189' title='bbox 522 3539 693 3634; x_wconf 87' lang='lat' dir='ltr'>pietatem</span> <span class='ocrx_word' id='word_1_190' title='bbox 708 3536 1000 3632; x_wconf 84' lang='lat' dir='ltr'>interpellavisset</span> <span class='ocrx_word' id='word_1_191' title='bbox 1011 3542 1031 3606; x_wconf 92' lang='lat'>¹.</span> <span class='ocrx_word' id='word_1_192' title='bbox 1040 3565 1057 3604; x_wconf 79' lang='lat' dir='ltr'>a</span> <span class='ocrx_word' id='word_1_193' title='bbox 1066 3535 1136 3607; x_wconf 87' lang='lat' dir='ltr'>Ob</span> 
     </span>
    </p>

    <p class='ocr_par' dir='ltr' id='par_1_9' title="bbox 127 3643 1137 3740">
     <span class='ocr_line' id='line_1_31' title="bbox 127 3643 1137 3740; baseline 0 -27"><span class='ocrx_word' id='word_1_194' title='bbox 127 3658 334 3715; x_wconf 80' lang='lat' dir='ltr'>tractatores</span> <span class='ocrx_word' id='word_1_195' title='bbox 351 3646 383 3714; x_wconf 87' lang='lat' dir='ltr'>ei</span> <span class='ocrx_word' id='word_1_196' title='bbox 403 3645 544 3716; x_wconf 89' lang='lat' dir='ltr'>crimini</span> <span class='ocrx_word' id='word_1_197' title='bbox 563 3643 750 3729; x_wconf 86' lang='lat' dir='ltr'>vertebant</span> <span class='ocrx_word' id='word_1_198' title='bbox 762 3645 860 3740; x_wconf 90' lang='lat' dir='ltr'>quod</span> <span class='ocrx_word' id='word_1_199' title='bbox 880 3647 1063 3740; x_wconf 86' lang='lat' dir='ltr'>antiquam</span> <span class='ocrx_word' id='word_1_200' title='bbox 1078 3669 1137 3714; x_wconf 92' lang='lat' dir='ltr'>re-</span> 
     </span>
    </p>
   </div>
   <div class='ocr_carea' id='block_1_3' title="bbox 125 3800 1137 4060">
    <p class='ocr_par' dir='ltr' id='par_1_10' title="bbox 125 3800 1137 4060">
     <span class='ocr_line' id='line_1_32' title="bbox 165 3800 1136 3878; baseline 0 -21"><span class='ocrx_word' id='word_1_201' title='bbox 165 3801 174 3834; x_wconf 93' lang='lat'>¹</span> <span class='ocrx_word' id='word_1_202' title='bbox 195 3800 334 3874; x_wconf 82' lang='lat' dir='ltr'>Pococke,</span> <span class='ocrx_word' id='word_1_203' title='bbox 354 3805 499 3877; x_wconf 74' lang='lat' dir='ltr'>Spectmen</span> <span class='ocrx_word' id='word_1_204' title='bbox 517 3801 582 3858; x_wconf 74' lang='lat' dir='ltr'>hist.</span> <span class='ocrx_word' id='word_1_205' title='bbox 604 3801 707 3869; x_wconf 65' lang='lat' dir='ltr'>drab„</span> <span class='ocrx_word' id='word_1_206' title='bbox 724 3821 753 3878; x_wconf 89' lang='lat' dir='ltr'>p.</span> <span class='ocrx_word' id='word_1_207' title='bbox 776 3805 844 3859; x_wconf 70' lang='lat' dir='ltr'>tta.</span> <span class='ocrx_word' id='word_1_208' title='bbox 870 3836 909 3848; x_wconf 84' lang='lat'><em>-</em></span> <span class='ocrx_word' id='word_1_209' title='bbox 922 3800 1074 3872; x_wconf 88' lang='lat' dir='ltr'>Wenricb,</span> <span class='ocrx_word' id='word_1_210' title='bbox 1095 3805 1136 3858; x_wconf 83' lang='lat' dir='ltr'>De</span> 
     </span>
     <span class='ocr_line' id='line_1_33' title="bbox 125 3892 1137 3969; baseline 0.001 -25"><span class='ocrx_word' id='word_1_211' title='bbox 125 3902 199 3946; x_wconf 81' lang='lat' dir='ltr'>auct.</span> <span class='ocrx_word' id='word_1_212' title='bbox 221 3911 301 3966; x_wconf 78' lang='lat' dir='ltr'>graec.</span> <span class='ocrx_word' id='word_1_213' title='bbox 322 3911 405 3960; x_wconf 64' lang='lat' dir='ltr'>vers,</span> <span class='ocrx_word' id='word_1_214' title='bbox 426 3912 455 3969; x_wconf 91' lang='lat' dir='ltr'>p.</span> <span class='ocrx_word' id='word_1_215' title='bbox 479 3893 581 3950; x_wconf 75' lang='lat'>27-28.</span> <span class='ocrx_word' id='word_1_216' title='bbox 602 3925 641 3936; x_wconf 92' lang='lat'>·-</span> <span class='ocrx_word' id='word_1_217' title='bbox 661 3892 770 3950; x_wconf 87' lang='lat' dir='ltr'>Gustav</span> <span class='ocrx_word' id='word_1_218' title='bbox 789 3893 880 3962; x_wconf 89' lang='lat' dir='ltr'>Weil,</span> <span class='ocrx_word' id='word_1_219' title='bbox 904 3892 1066 3950; x_wconf 78' lang='lat' dir='ltr'>Gesclticlue</span> <span class='ocrx_word' id='word_1_220' title='bbox 1085 3893 1137 3946; x_wconf 84' lang='lat' dir='ltr'>der</span> 
     </span>
     <span class='ocr_line' id='line_1_34' title="bbox 127 3977 749 4060; baseline -0.002 -23"><span class='ocrx_word' id='word_1_221' title='bbox 127 3977 270 4050; x_wconf 67' lang='lat' dir='ltr'>Chaliferu</span> <span class='ocrx_word' id='word_1_222' title='bbox 287 3993 308 4039; x_wconf 61' lang='lat' dir='ltr'>ta</span> <span class='ocrx_word' id='word_1_223' title='bbox 324 3983 364 4052; x_wconf 85' lang='lat'>11,</span> <span class='ocrx_word' id='word_1_224' title='bbox 379 4002 410 4060; x_wconf 92' lang='lat' dir='ltr'>p.</span> <span class='ocrx_word' id='word_1_225' title='bbox 426 3985 498 4051; x_wconf 72' lang='lat'>255,</span> <span class='ocrx_word' id='word_1_226' title='bbox 511 3983 672 4058; x_wconf 64' lang='lat' dir='ltr'>sqq.‚280,</span> <span class='ocrx_word' id='word_1_227' title='bbox 686 4000 749 4058; x_wconf 82' lang='lat' dir='ltr'>sqq.</span> 
     </span>
    </p>
   </div>
   <div class='ocr_carea' id='block_1_4' title="bbox 0 0 1400 4776">
    <p class='ocr_par' dir='ltr' id='par_1_11' title="bbox 0 0 1400 4776">
     <span class='ocr_line' id='line_1_35' title="bbox 0 0 1400 4776; baseline 0 0"><span class='ocrx_word' id='word_1_228' title='bbox 0 0 1400 4776; x_wconf 95' lang='lat' dir='ltr'> </span> 
     </span>
    </p>
   </div>
  </div>
 </body>
</html>
