2768 4776
588 303 781 371 ..40...

187 464 369 538 tractasse,
392 451 466 519 imo
486 447 536 518 illi
555 449 619 518 toti
642 451 788 541 Organo
809 445 995 516 tractando
1016 445 1186 543 impares,

186 560 320 656 primas
345 556 492 655 paginas
514 554 620 648 logici
643 553 871 649 syntagmatis
890 577 964 623 non
981 576 1190 651 supergres-

188 690 260 736 sos.
280 668 440 759 isagoge,
460 662 667 757 Categoriae,
687 659 776 730 liber
793 664 866 755 Περὶ
887 656 1067 756 Ἐρμηνείας
1090 658 1191 731 mille

189 773 307 842 modis
329 785 529 850 vertuntur,
551 783 793 864 exponuntur,
817 781 1070 839 retractantur.
1092 772 1189 837 Ana-

187 880 294 974 lytica
311 880 431 976 priora
453 876 565 947 rarius
581 873 678 972 apud
694 877 803 969 Syros
825 890 1032 961 occurrunt,
1052 899 1094 947 ac
1117 875 1192 945 fere

187 1011 331 1084 semper
352 987 388 1057 in
407 986 588 1082 epitomen
609 982 764 1054 redacta.
786 981 970 1080 Analytica
991 983 1193 1081 posteriora

188 1119 250 1166 seu
269 1092 477 1191 Apodictica
502 1090 608 1162 nullis
634 1092 671 1160 in
700 1089 920 1162 membranis
940 1091 1117 1163 veteribus
1135 1092 1193 1161 in-

191 1203 294 1291 veni,
313 1201 477 1297 quamvis
494 1200 540 1269 de
553 1200 596 1269 iis
612 1212 776 1269 auctores
793 1199 871 1294 Syri
893 1223 968 1285 non
988 1224 1070 1271 raro
1089 1223 1193 1270 men·

192 1311 330 1381 tionem
345 1308 489 1380 faciant.
505 1306 637 1403 Topica
650 1320 686 1376 et
702 1305 893 1402 sophistici
908 1305 1056 1377 Elenchi
1069 1307 1196 1403 paucis

189 1418 327 1516 paginis
344 1413 605 1512 comprehendi
621 1414 752 1486 solent.
772 1416 830 1486 Sic
845 1416 987 1511 Sergius
1004 1415 1195 1486 Resainan-

190 1527 250 1618 sis,
265 1526 328 1622 qui
342 1539 439 1597 tanta
452 1522 658 1595 assiduitate
671 1523 795 1619 primis
808 1523 943 1619 Organi
955 1521 1082 1593 libellis
1097 1523 1196 1595 insu·

191 1633 306 1723 davit,
324 1631 369 1703 de
382 1630 588 1728 Analyticis,
600 1630 741 1726 Topicis
752 1645 788 1702 et
804 1628 1014 1727 Sophisticis
1029 1627 1197 1700 Elenchis

191 1766 338 1840 prorsus
365 1756 478 1827 tacet.¹
502 1740 561 1809 Sic
583 1740 773 1834 Georgius,
805 1738 963 1810 Arabum
987 1739 1193 1836 episcopus,

192 1864 275 1946 post
297 1849 481 1946 Analytica
503 1848 625 1944 priora
647 1847 825 1918 calamum
847 1847 962 1945 ponit.
987 1847 1044 1915 Sic
1068 1846 1105 1914 in
1130 1868 1194 1915 co·

194 1955 333 2027 dicibus
362 1957 536 2027 Vaticano
568 1955 656 2042 l58,
694 1953 854 2025 Mediceo
885 1953 974 2044 196,
1008 1951 1197 2022 Parisiensi

196 2064 279 2156 161,
309 2066 371 2160 qui
399 2062 504 2134 nobis
531 2061 805 2158 quodammodo
841 2063 1012 2158 Organon
1045 2085 1067 2130 a
1100 2060 1198 2154 Syris

194 2175 318 2245 tritum
349 2171 535 2259 exhibent,
571 2176 729 2267 lsagoge,
758 2170 970 2266 Categoriae,
1005 2166 1094 2238 liber
1122 2171 1196 2263 Περὶ

198 2279 374 2379 Ἐρμηνείας
393 2280 469 2351 fuse
492 2280 732 2377 explicantur3
757 2302 800 2349 ex
822 2276 1014 2373 hnalyticis
1036 2275 1125 2345 nihil
1142 2276 1198 2346 in·

195 2392 302 2461 venio
321 2403 448 2487 praeter
472 2390 587 2486 capita
611 2401 749 2486 septem
769 2410 848 2482 quae
875 2385 1040 2483 aperiunt
1062 2381 1199 2453 librum

194 2500 354 2595 priorem
375 2497 643 2593 analyticorum
664 2497 850 2593 priorum:
877 2520 919 2565 ex
943 2494 1019 2567 aliis
1037 2492 1200 2593 partibus

197 2608 330 2702 Organi
348 2630 394 2676 ne
411 2605 504 2676 ullus
525 2604 672 2700 quidem
691 2628 827 2674 versus.
848 2602 1025 2673 Librarios
1047 2617 1082 2673 et
1097 2626 1198 2672 com·

197 2729 414 2784 mentatores
440 2713 608 2809 patientia
638 2712 757 2782 medio
784 2712 820 2780 in
852 2735 960 2808 opere
988 2708 1194 2798 deficiebat3

196 2821 320 2907 simul,
335 2846 413 2915 quae
425 2835 498 2891 erat
512 2822 672 2916 ipsorum
685 2820 913 2890 rnediocritas
927 2819 1075 2914 ingenii,
1095 2843 1200 2914 argu·

198 2930 327 2997 mentis
351 2926 568 2998 facilioribus
591 2927 817 3022 applicabant
849 2927 1031 3015 animum,
1059 2926 1200 2996 omissis

197 3037 239 3105 iis
257 3059 337 3132 quae
351 3058 426 3104 non
444 3035 491 3105 ita
510 3034 649 3131 liquido
676 3035 967 3131 intelligerentur.

247 3149 381 3215 Contra
402 3143 532 3212 mirum
556 3141 652 3213 dictu
675 3158 848 3239 quantum
866 3145 938 3241 syri
962 3143 1129 3213 homines
1160 3144 1198 3212 in

197 3258 359 3349 lsagoge,
379 3251 585 3348 Categoriis,
598 3251 692 3322 libro
703 3257 777 3349 Περὶ
790 3249 969 3350 Ἐρμηνείας
983 3250 1200 3321 illustrandis

198 3360 265 3432 sibi
282 3359 492 3458 placuerint.
513 3364 649 3432 Eorum
659 3362 807 3432 rationis
819 3359 1024 3456 exemplum
1039 3357 1200 3456 praebent

198 3468 311 3540 codex
341 3481 463 3538 noster
491 3469 578 3555 161,
610 3485 645 3540 et
667 3469 774 3565 hujus
792 3468 898 3565 plane
917 3467 1069 3555 similes,
1090 3465 1202 3537 Medi·

197 3601 283 3647 ceus
302 3577 372 3648 196
393 3589 428 3646 et
443 3578 638 3648 Vaticanus
660 3578 744 3649 158.
769 3578 923 3673 Nempe,
945 3589 1027 3671 post
1039 3573 1201 3670 'comple-

198 3699 271 3755 tam
283 3688 452 3779 lsagogen
467 3683 544 3779 (sol.
559 3683 818 3780 7),sequuntur
826 3708 891 3780 per
904 3697 987 3754 octo
1003 3681 1201 3779 ferepagel-

197 3794 248 3864 las
264 3791 402 3888 farrago
420 3815 540 3862 rerum
559 3792 838 3882 dialecticarum,
852 3791 1051 3887 tabulaeque
1069 3815 1201 3887 synop-

198 3903 295 3991 ticae,
326 3898 447 3995 liguris
471 3898 701 3970 ostendentes
729 3913 840 3970 totam
873 3898 1048 3971 rationem
1077 3897 1200 3993 logicae
