2768 4776
576 361 771 427 ..47-

169 524 299 581 exortae
321 523 405 579 sunt
430 506 561 578 soboba
581 506 709 576 Nisibis
731 520 766 575 et
790 505 1067 602 Gandisaporae,
1096 534 1175 605 qua·

125 612 128 617 ’
168 616 400 717 splendorem
418 640 523 685 suum
537 613 757 684 Nestorianis
766 612 943 708 praecipue
956 612 1171 686 debuerunt.

168 725 308 796 Scholae
323 747 409 794 vero
424 722 491 792 illae
506 719 553 790 ad
571 720 749 790 rationem
764 719 965 791 studiorum
978 747 1176 817 graecorum

170 834 323 904 omnino
340 828 625 903 accommodatae
651 840 766 897 erant.
784 827 1032 925 Gandisapora
1054 831 1176 902 acade·

170 942 283 1011 miam
298 938 585 1037 hippocraticam
596 958 635 1005 se
646 933 840 1029 jactabat¹,
866 937 1045 1033 totiusque
1063 940 1176 1010 medi·

171 1048 259 1118 cinae
291 1048 328 1117 in
366 1046 514 1115 Oriente
549 1041 630 1112 fecit
661 1042 815 1112 initium.
854 1046 975 1139 Neque
1005 1071 1175 1144 spernas,

169 1155 295 1245 lector,
318 1153 396 1223 haec
418 1150 564 1221 urbium
586 1149 793 1220 nominant
818 1153 936 1222 minus
953 1153 1105 1243 nobilia3
1127 1154 1178 1228 ibi

169 1264 286 1348 enim,
316 1259 405 1330 dum
428 1258 554 1329 litterae
577 1281 725 1354 prorsus
743 1271 822 1328 toto
844 1257 934 1330 orbe
956 1258 1175 1353 laberentur,

170 1368 302 1439 servati
319 1381 403 1438 sunt
418 1364 562 1463 igniculi
581 1365 643 1461 qui
660 1365 784 1436 lumen
802 1366 1031 1462 ingeniorum
1054 1369 1178 1441 denuo

172 1475 356 1546 accensuri
373 1488 494 1562 erant,
513 1495 739 1569 quanquam,
760 1488 798 1543 ut
821 1476 965 1571 opinor,
989 1501 1063 1546 non
1081 1493 1178 1550 recte

172 1608 193 1655 a
218 1580 434 1680 quibusdam
463 1580 595 1651 dicitur
626 1579 884 1677 Gandisaporae
913 1582 961 1654 ad
995 1585 1178 1681 exemplar

170 1691 310 1763 scholas
334 1689 522 1760 medicinae
547 1687 669 1759 medio
690 1713 766 1759 aevo
790 1688 897 1761 fuisse
913 1691 1096 1778 conditas,
1120 1693 1177 1763 in·

169 1800 287 1896 deque
303 1798 481 1895 graduum
496 1795 787 1869 academicorum
798 1798 1061 1871 institutionem
1071 1801 1178 1872 fuisse

169 1909 330 2006 petitam.
361 1907 503 1977 Rectius
527 1905 658 1977 dixeris
680 1930 698 1975 a
725 1904 972 2002 Gandisapora
1002 1909 1177 2005 prodiisse

170 2018 266 2086 viros
283 2016 412 2085 doctos
434 2016 497 2110 qui
514 2014 673 2110 magistri
701 2012 857 2086 Arabum
880 2016 916 2083 in
941 2017 1119 2088 medicina
1142 2034 1177 2087 et

169 2122 401 2220 philosophia
418 2122 598 2210 exstitere,
619 2136 726 2218 atque
744 2122 792 2192 ita
809 2122 856 2191 de
872 2124 1090 2208 restituenda
1107 2125 1178 2196 dis·

171 2230 303 2326 ciplina
315 2229 456 2301 medica
475 2252 705 2326 summopere
723 2230 837 2298 meriti
852 2244 948 2299 sunt.

220 2342 394 2434 Tempore
410 2338 605 2433 praesertim
619 2336 788 2407 Cbosrois
802 2338 934 2432 Magni,
958 2339 1069 2407 Persis
1084 2340 1177 2433 inge-

170 2448 220 2518 nii
238 2447 342 2542 graeci
359 2446 395 2514 in
415 2446 551 2516 Graecia
566 2446 817 2516 marcescentis
830 2444 868 2515 lit
881 2446 1070 2541 refugium.
1088 2447 1178 2532 Quis

171 2557 284 2627 nescit
300 2552 420 2624 aulam
446 2552 537 2648 regis
564 2552 705 2623 barbari
730 2552 866 2648 asylum
886 2552 992 2623 fuisse
1016 2551 1176 2649 philoso-

173 2663 330 2758 pborum
349 2662 410 2757 qui
436 2662 642 2732 saevientem
667 2663 702 2731 in
724 2686 787 2731 eos
808 2662 1046 2731 lustinianum
1064 2660 1177 2757 fugie-

172 2768 300 2841 bane?
313 2772 384 2839 Rex
397 2768 473 2865 ipse
489 2766 545 2840 his
557 2768 684 2841 studiis
696 2768 954 2840 delectabatur.
973 2768 1177 2839 Platonicus

173 2875 245 2947 dici
260 2873 426 2956 volebat,
445 2889 572 2971 atque,
594 2890 633 2946 ut
650 2876 758 2946 refert
777 2875 981 2971 Agatbias³‚
1009 2906 1026 2940 tt
1047 2900 1176 2967 graeca-

171 2985 253 3055 nica
268 2983 398 3081 scripta
414 2980 481 3053 sibi
497 2982 544 3055 ab
559 2985 752 3080 interprete
770 2984 805 3052 in
825 2983 983 3076 linguam
1002 2984 1176 3079 persicam

173 3091 335 3162 converti
353 3090 510 3177 curavit,
534 3091 705 3188 aiuntque
724 3092 841 3187 ipsum
867 3106 983 3160 totum
1007 3093 1175 3160 Aristote-
1254 3122 1257 3127 ·

213 3247 220 3279 ¹
242 3246 285 3304 Cf.
303 3243 482 3325 Abullaragii
497 3250 616 3316 Dynast.
638 3246 723 3318 (edit.
738 3244 884 3317 Pococlre)
901 3265 930 3321 p.
949 3247 998 3301 82.
1014 3278 1051 3286 -
1067 3249 1177 3321 Spren-

171 3337 232 3415 gel,
254 3339 329 3394 Hist.
352 3337 440 3403 med..
464 3346 483 3389 t.
505 3338 549 3404 II,
575 3356 605 3412 p.
629 3337 699 3405 atu,
722 3354 784 3410 sqq.
802 3367 843 3377 -
861 3336 992 3402 Heeren,
1016 3334 1178 3393 Gesrlriclrte

171 3430 224 3482 der
235 3429 317 3481 class.
335 3428 405 3486 Litt.
422 3428 460 3481 im
479 3428 663 3495 Mittelalter,
679 3438 699 3482 t.
716 3430 740 3497 1,
757 3445 786 3502 p.
805 3427 879 3495 ΙΙΙ,
901 3426 969 3482 trs.
990 3459 1030 3469 —
1049 3430 1176 3495 Assem,
1219 3458 1225 3477 .

171 3529 192 3572 t.
208 3519 266 3585 111,
283 3529 356 3593 part.
378 3520 418 3586 ΙΙ,
438 3536 468 3591 p.
486 3515 828 3583 cuxxv1.-—chricb‚
849 3520 891 3571 De
908 3531 984 3572 arcet.
1004 3536 1086 3592 grac.
1104 3535 1174 3572 vers.

171 3626 200 3683 p.
219 3610 248 3676 9,
265 3609 313 3664 ΙΙΙ,

210 3696 221 3729 ²
241 3698 284 3754 ef.
302 3695 454 3773 Agathiam
463 3739 471 3767 ,
487 3701 531 3751 De
550 3718 633 3773 regno
647 3700 821 3767 lastiniani,
842 3695 891 3756 lib.
908 3700 952 3767 11,
968 3717 998 3774 p.
1016 3700 1065 3754 69.
1083 3696 1174 3754 Paris.

172 3787 261 3843 tatto.
278 3817 318 3826 —
331 3788 390 3840 Jos.
411 3788 510 3863 Kopp,
525 3786 608 3843 Praes.
626 3786 663 3845 ad
677 3786 872 3856 Damascinm‚
888 3786 958 3861 Περὶ
973 3788 1114 3863 &plump
1131 3806 1175 3855 rx,

172 3892 216 3950 sq.
231 3872 452 3946 ——llavaissom
468 3879 552 3932 Essai
565 3898 613 3931 sur
627 3882 654 3933 ln
669 3878 795 3951 ruetcrple.
811 3880 946 3945 d'Art'sl.,
960 3887 979 3931 t.
998 3879 1037 3945 ll,
1053 3896 1084 3953 p.
1104 3878 1172 3932 557.

211 3962 224 3997 ³
242 3960 333 4032 lbid„
348 3981 377 4037 p.
396 3963 444 4020 66.
