2768 4776
675 357 870 424 ..rc-

274 505 392 601 operis
406 527 451 574 ne
470 505 655 600 vestigium
670 504 816 600 quidem
834 526 986 600 usquam
1002 506 1184 601 reperisse.
1203 506 1273 576 Sed

274 636 340 708 ego
357 635 425 709 pro
454 626 553 682 certo
581 611 834 683 affirmaverim
862 610 1053 707 legendum
1080 636 1156 682 esse
1173 619 1272 682 Jam-

272 719 442 804 blattam,
475 719 633 815 mihique
652 717 948 814 ¹suffragabuntur
974 721 1192 816 quicumque
1216 721 1272 792 lit—

273 843 431 911 terarum
456 843 491 898 et
515 841 733 924 punctorum
757 826 1025 899 diacriticorum
1058 829 1274 899 mutationes

273 949 421 1005 norunt.
453 938 535 1020 Quo
565 957 754 1020 concesso,
783 947 922 1003 tantum
950 958 1026 1005 non
1055 950 1193 1008 certum
1223 951 1275 1007 cst

273 1039 330 1110 his
345 1039 463 1112 verbis
478 1040 657 1137 designari
679 1038 869 1113 lamblichi
890 1065 953 1111 seu
984 1039 1180 1138 Ἀὅείμμωνος
1203 1049 1275 1139 πρὸς

273 1152 504 1245 τήνΠορφυρίου
515 1155 586 1245 πρὸς
604 1147 710 1219 'Audin
728 1155 892 1225 ἐπιστολὴν
912 1151 1083 1244 ἀπόκρισιν.
1096 1149 1275 1223 Facillime

273 1255 471 1351 intelligent
485 1254 724 1353 Porphyrium
737 1255 846 1350 hujus
862 1253 944 1326 libri
960 1270 1146 1328 auctorem
1159 1259 1276 1341 credi-

272 1378 351 1434 tum
366 1363 488 1452 luisse,
510 1364 573 1459 qui
594 1363 711 1434 sciunt
736 1361 880 1434 arabice
900 1387 1036 1434 nomen
1062 1365 1217 1436 auctoris
1236 1382 1277 1438 ut

274 1487 309 1544 et
327 1470 403 1565 ejus
428 1471 474 1541 ad
494 1495 603 1568 quem
622 1495 714 1568 opus
740 1469 903 1566 dirigitur
930 1492 994 1566 per
1013 1471 1086 1540 lum
1109 1471 1271 1543 indicari.

274 1582 446 1648 Praeterea
459 1595 596 1650 certum
611 1593 665 1650 est
682 1576 872 1648 lamblichi
890 1576 1066 1652 nonnulla
1088 1580 1224 1674 syriace
1240 1595 1276 1651 et

273 1685 414 1758 arabice
447 1711 551 1758 versa
587 1711 688 1775 esse,
724 1685 952 1780 Rhazemque
990 1701 1274 1757 commentatum

273 1809 349 1865 esse
367 1793 495 1864 librum
513 1792 694 1865 Anebonis
709 1793 760 1863 ad
771 1792 1013 1888 Porphyrium
1022 1799 1043 1863 ¹.

322 1911 456 1983 Codice
475 1917 547 1988 247
565 1912 754 1983 Vaticano¹
778 1911 983 1983 continetur
1010 1915 1127 1985 versio
1156 1914 1274 2011 operis

274 2019 320 2091 de
333 2045 426 2116 quo,
449 2020 613 2116 quamvis
628 2033 725 2090 certa
741 2017 891 2090 delinire
905 2042 981 2090 non
995 2022 1146 2118 potuim,
1162 2045 1275 2119 pauca

274 2144 393 2200 tamen
417 2127 550 2198 referre
563 2127 679 2222 juvat.
706 2126 920 2223 Inscriptum
948 2141 1001 2198 est
1018 2130 1204 2199 {decentia
1232 2128 1276 2199 de

273 2250 550 2332 temperamento
567 2250 670 2305 terrae
684 2259 730 2303 ecc
749 2232 838 2304 libro
852 2236 995 2321 Berozr‘,
1012 2237 1185 2331 suprcnu'c
1197 2260 1275 2305 ma·

268 2345 397 2441 gistri}
425 2341 622 2438 incipitque
639 2342 714 2413 sic:
750 2356 767 2408 u
795 2340 907 2430 Vide,
933 2366 957 2412 o
983 2341 1107 2412 Theon
1132 2339 1272 2432 filimi,

272 2472 351 2546 quae
369 2447 452 2520 dico
474 2446 538 2518 tibi
558 2447 604 2520 de
620 2461 905 2544 temperamento
926 2461 1029 2519 terre
1043 2445 1135 2518 etde
1158 2446 1275 2517 homi·

272 2579 381 2639 ne...
396 2584 414 2622 n
433 2561 516 2626 Post
530 2555 619 2625 duas
631 2555 795 2651 paginas,
815 2553 903 2626 alter
917 2553 1040 2626 titulus
1055 2552 1222 2644 habetur,
1238 2556 1275 2625 in

262 2663 370 2738 ‚hunc
380 2662 548 2735 modurn:
562 2666 752 2732 Rursurex
763 2660 884 2732 eodem
894 2660 983 2733 libro
992 2664 1132 2750 Berdzi,
1148 2665 1276 2760 magu·

264 2774 325 2865 'tri
336 2773 519 2871 raptentur,
532 2768 635 2866 qu'us
647 2771 759 2864 periit
771 2794 904 2866 magna
910 2794 1003 2864 pars
1019 2772 1122 2841 intuo
1137 2770 1275 2858 etfiue‚·

273 2893 382 2974 atque
398 2877 446 2951 ad
460 2876 596 2950 calcem
617 2876 693 2949 haec
710 2877 856 2947 miniata
873 2874 1041 2971 leguntur
1056 2901 1066 2946 ε
1084 2875 1246 2971 Explicit
1263 2903 1273 2943 :

271 2985 345 3061 lucc
360 2986 566 3081 scripsimus
580 2985 671 3055 sicut
686 3008 731 3053 ea
746 2983 957 3066 invenimus,
973 2983 1059 3079 quia
1075 2979 1163 3051 liber
1177 2979 1276 3051 valde

272 3095 441 3190 antiquus
456 3107 552 3177 erac,
585 3107 619 3162 et
638 3093 802 3188 perierat
827 3115 875 3160 ex
890 3107 1081 3188 eobmagnu
1094 3114 1197 3186 pars.
1218 3090 1277 3158 Vi·

271 3199 412 3271 debunt
438 3199 498 3270 alii
523 3197 654 3295 quihus
679 3198 759 3296 plus
787 3199 854 3269 erit
873 3200 1052 3296 temporis
1083 3203 1191 3295 atquc
1214 3199 1277 3269 otii

272 3332 383 3405 quam
400 3308 464 3378 luit
478 3306 673 3379 mihidum
681 3307 873 3379 Vaticanos
890 3307 1033 3378 codices
1050 3307 1274 3394 evolverem,

273 3417 459 3510 cujusnam
488 3413 664 3501 auctoris,
695 3416 913 3511 argumenti,
949 3414 1121 3512 temporis
1148 3414 1192 3483 sit
1218 3412 1277 3483 ille

273 3521 376 3593 liber.

323 3638 377 3709 Ad
399 3638 537 3710 scholas
556 3664 630 3710 non
648 3634 893 3737 peripat'eticas
917 3636 1017 3733 quod
1036 3638 1179 3725 attinet,
1200 3639 1277 3732 Syri

297 3846 298 3851 ’
314 3839 323 3872 ¹
345 3841 400 3916 Op.
417 3839 510 3909 laud„
523 3861 555 3918 p.
573 3824 646 3909 293,
658 3842 727 3902 306.

314 3949 325 3982 ²
345 3955 469 4020 Assem„
486 3953 576 4008 Catal.
591 3954 672 4006 codd.
689 3950 755 4007 bibl.
774 3957 871 4017 vatic„
888 3962 908 4010 t.
924 3951 982 4019 Ill,
998 3970 1025 4027 p.
1045 3953 1113 4008 tot.
