2768 4776
656 330 851 398 -52-
969 400 970 403 ,

252 473 324 545 nali
351 466 569 546 Nesto'rianis
594 474 706 571 iisque
731 474 846 546 doctis
868 477 1065 565 scatebant,
1096 478 1256 576 aulaeque

249 607 374 677 regum
392 581 540 652 medicis
557 581 660 676 syris,
680 584 742 678 qui
761 582 924 682 plerique
941 610 960 656 e
978 585 1102 657 schola
1119 587 1254 658 Gandi-

247 690 432 787 saporensi
445 687 659 787 prodibant,
678 704 781 761 erant
794 697 955 764 ornatae.
976 694 1107 765 Scribae
1123 717 1257 767 munus

247 798 357 869 ctiam
376 795 576 866 christianis
593 798 695 892 quasi
711 798 895 896 peculium
915 799 992 889 fuit,
1017 826 1135 898 neque
1147 800 1258 871 omit-

248 904 398 976 tendum
416 927 567 976 munera
589 903 664 976 fere
685 920 815 977 cuncta
833 931 913 1003 quae
929 906 976 978 ed
1002 909 1167 990 aerarium
1187 933 1258 1005 pu-

247 1010 429 1108 blicasque
453 1011 611 1082 rationes
634 1011 862 1109 pertinebant
891 1014 958 1084 tria
980 1039 1046 1112 per
1074 1013 1201 1086 saecula
1222 1028 1258 1084 et

247 1116 400 1215 amplius
416 1131 498 1215 post
513 1117 675 1214 hegiram
691 1118 787 1216 apud
808 1119 1002 1192 Moslemos
1020 1143 1040 1193 a
1058 1120 1259 1192 christianis

248 1225 405 1300 exerceri
426 1223 530 1295 solita
555 1225 674 1297 luisse.
706 1225 796 1297 lnde
826 1226 1083 1298 Mnslemorum
1106 1228 1259 1324 querelae

248 1346 428 1430 perpetuae
447 1357 454 1399 :
477 1331 610 1401 etenim
628 1330 812 1404 christiani
832 1332 957 1404 scribae
974 1358 1088 1430 quum
1099 1359 1138 1406 se
1151 1334 1259 1405 rebus

248 1428 538 1510 administrandis
550 1436 772 1508 necessarios
786 1439 974 1530 sentirent,
989 1440 1177 1538 privilegio
1191 1466 1257 1512 suo

249 1544 442 1616 utebantur
467 1556 505 1614 ut
528 1544 686 1615 dominis
709 1545 783 1616 suis
806 1544 936 1642 quibus
954 1562 1121 1646 poterant
1141 1547 1258 1618 modis

249 1650 450 1722 molestiam
463 1649 662 1722 inferrent¹.
677 1654 755 1722 lam
770 1653 999 1750 Omeyyadae,
1016 1654 1080 1749 qui
1091 1656 1257 1724 Damasei

248 1757 371 1830 sedem
387 1757 587 1853 elegerunt,
606 1760 714 1853 Syros
728 1760 860 1830 imitari
872 1773 1071 1858 coeperunt.
1088 1760 1158 1830 Sed
1172 1761 1256 1855 quia

248 1867 324 1938 haec
340 1865 552 1937 chalifarum
575 1865 850 1953 domus‚adhuc
873 1867 1056 1964 ingenium
1077 1881 1113 1938 et
1137 1888 1256 1937 mores

250 1972 405 2044 Arabum
431 1969 627 2059 retinebat,
655 1972 783 2057 litterae*
807 1968 933 2070 graecae'
960 1972 1027 2044 sub
1054 1996 1097 2045 ea
1128 1997 1257 2071 parum

249 2078 424 2178 proficere
441 2094 621 2178 poterant.
644 2080 738 2152 Nihil
755 2082 900 2177 ingenio
923 2105 1038 2178 graeco
1054 2066 1092 2153 et
1114 2078 1258 2152 arabico

250 2187 472 2274 dissimilius;
499 2187 661 2286 dumque
685 2214 742 2261 res
767 2190 978 2262 moslemica
1001 2190 1095 2261 inter
1126 2187 1260 2260 Arabas

250 2312 389 2368 versata
411 2311 477 2386 est,
502 2321 614 2392 graeca
630 2297 748 2368 studia
771 2322 918 2396 prorsus
944 2297 1043 2396 apud
1068 2295 1261 2367 Moslemos

247 2405 451 2498 jacuerunt.
476 2409 518 2474 At
537 2402 601 2475 ubi
622 2405 815 2503 provinciae
833 2406 957 2493 victae,
976 2419 1017 2475 ut
1044 2402 1120 2474 fieri
1150 2401 1258 2490 solet,

253 2511 426 2582 victorem
442 2511 544 2609 quasi
560 2511 714 2583 obruere
733 2526 942 2609 coeperunt,
967 2535 1009 2582 ac
1028 2509 1141 2581 Persis
1157 2524 1262 2607 capta

253 2619 420 2689 Arabiam
429 2617 538 2715 cepit,
552 2617 660 2713 longe
676 2618 778 2688 aliter
787 2643 844 2689 res
853 2642 1005 2690 cessere.
1021 2616 1151 2689 Mirum
1164 2618 1261 2687 enim

251 2738 431 2819 ,qnantum
444 2727 561 2793 Persae
573 2723 619 2793 ab
633 2723 778 2819 ingenio
796 2725 1011 2795 Semitarnm
1028 2722 1258 2794 abhorreant.

251 2829 331 2898 Tria
350 2843 434 2899 sunt
451 2826 582 2924 quibus
606 2842 729 2898 carent
745 2828 889 2925 penitus
904 2829 1030 2925 populi
1044 2827 1106 2923 qui
1123 2829 1262 2897 Semitae

253 2932 435 3024 dicuntur,
448 2936 584 3031 'nempe
599 2933 834 3031 mythologie,
847 2935 990 3033 epicum
1008 2956 1166 3021 carmen,
1183 2931 1261 3031 plri-

242 3043 430 3140 ‘losopbia
445 3044 558 3114 Persis
570 3045 735 3141 quamvis
745 3043 1019 3140 devicta-atque
1036 3057 1160 3114 coacta
1176 3044 1262 3114 reci-

255 3157 341 3250 pere
372 3150 584 3246 religionem
618 3167 652 3222 et
681 3150 840 3248 linguam
868 3149 1047 3239 Arabum,
1076 3173 1263 3246 nunquam

295 3367 304 3400 ¹
321 3365 365 3426 Cf.
391 3366 511 3425 Caussin
533 3366 570 3425 de
585 3367 735 3440 Perceval,
755 3370 843 3424 Essai
859 3388 909 3425 sur
928 3368 1065 3424 l'lristoire
1081 3368 1131 3422 des
1155 3363 1265 3420 Arabes

253 3468 340 3512 arant
352 3457 539 3528 Pialamisme,
555 3469 575 3514 t.
598 3461 639 3530 11,
655 3477 685 3536 p.
704 3460 774 3530 att,
789 3459 861 3517 487.
872 3489 912 3500 —-
925 3454 1078 3534 Sprengel,
1093 3456 1168 3510 Hist.
1186 3455 1222 3508 de
1236 3456 1265 3508 la

253 3546 410 3612 medecina,
428 3555 448 3599 t.
464 3548 504 3616 ΙΙ,
519 3565 546 3622 p.
567 3549 637 3604 282.
654 3581 695 3591 -
706 3551 840 3617 Heeren,
860 3546 1024 3604 Gesclichte
1038 3546 1091 3599 der
1105 3547 1188 3599 class.
1204 3544 1266 3598 Lit-

252 3645 361 3688 teratur
373 3633 411 3688 im
427 3636 610 3704 Mittelalter,
621 3635 677 3694 lib.
695 3641 721 3710 1,
730 3642 759 3711 ,3
769 3639 808 3697 70
822 3649 851 3694 et
866 3639 914 3692 71.

292 3739 303 3792 Ψ
322 3744 356 3800 V.
374 3739 405 3799 in
425 3744 549 3799 Journal
567 3747 710 3821 aetatique
730 3744 902 3817 (nou-dec.
930 3745 1031 3818 1851),
1061 3740 1187 3819 plurima
1211 3738 1266 3797 do·

253 3843 387 3889 tumenta
407 3829 443 3888 de
457 3830 623 3890 conditione
642 3833 864 3893 christianorum
887 3833 964 3892 iuter
987 3830 1142 3893 Moslemos
1160 3828 1207 3888 bis
1230 3825 1266 3887 de

253 3916 358 3995 quibus
371 3938 449 3977 nunc
463 3919 611 3998 loquimur
623 3920 815 4000 temporibus,
