2768 4776
587 371 783 440 ..35-

186 517 405 590 transtulisse
415 514 699 614 quoquolibrum
711 519 1035 611 Interpretatrom's,
1048 517 1186 612 Ancly·

186 628 255 695 tica
273 640 308 696 et
327 630 364 696 V
361 629 446 696 itam
458 623 605 696 brevem
620 622 811 693 Aristotelis
824 635 905 718 quae
919 624 1051 695 eodem
1065 624 1189 696 codice

186 733 358 803 Vaticano
372 732 619 829 reperiuntur3
634 727 698 798 sed
710 727 844 824 absque
856 730 1008 818 ratione,
1029 731 1190 827 quando-

187 839 334 937 quidem
349 864 484 911 nomen
499 835 624 908 Jacobi
634 858 709 906 non
724 835 852 930 legitur
862 838 930 908 nisi
943 851 1025 936 post
1045 841 1191 936 Cetego-

187 951 274 1036 νέω,
283 963 325 1019 ut
334 947 411 1046 ipse
421 939 907 1015 Assemanusmeliusviditin
914 945 1075 1042 catalogo
1082 972 1190 1043 quem

186 1056 340 1127 confecit
365 1052 539 1123 codicum
553 1049 807 1120 Vaticanorum
824 1053 846 1120 ¹.
878 1056 1067 1144 Praeterea,
1093 1052 1191 1127 idem

188 1168 402 1233 Assemanus
440 1158 559 1256 primo
593 1156 828 1228 contenderat
859 1158 1032 1233 iacobum
1066 1177 1190 1234 auoto-

187 1295 265 1342 rem
282 1269 390 1340 luisse
403 1265 651 1337 commentarii
667 1266 704 1335 in
724 1270 909 1365 Isagogen,
928 1268 990 1365 qui
1007 1270 1043 1340 iu
1063 1271 1191 1342 eodem

188 1375 315 1447 codiee
331 1373 517 1472 reperitur.
542 1377 584 1441 At
599 1373 678 1472 pari
697 1373 809 1445 modo
830 1399 906 1446 sese
925 1377 1128 1449 emendavit
1154 1381 1191 1449 in

168 1508 173 1516 ·
189 1481 364 1578 catalogo,
383 1480 446 1552 ubi
459 1479 580 1551 scribit
594 1479 694 1552 hune
712 1485 1012 1559 commentarium
1026 1509 1100 1556 esse
1116 1490 1193 1557 Am·-

189 1591 301 1663 monii
312 1589 368 1662 vel
380 1588 583 1688 Philoponi.
594 1589 774 1686 Denique,
788 1605 915 1663 nostro
925 1591 1060 1663 Jacobo
1070 1591 1193 1664 tribuit

187 1695 437 1769 Wenrichius²
451 1696 655 1768 versionem
674 1700 830 1768 Summae
838 1698 1076 1797 philosophie
1093 1701 1191 1796 peri-

179 1806 349 1902 patetc'eoe
373 1803 525 1892 Nicolai,
546 1803 647 1902 quod
664 1830 738 1902 quo
762 1806 910 1904 quidem
930 1820 1077 1879 anctore
1098 1805 1193 1879 dicat

184 1937 303 2010 neque
320 1914 400 2012 ipse
417 1912 544 2010 aperit,
563 1937 682 2010 neque
699 1938 766 2013 ego
784 1915 918 1986 inveni.

235 2029 418 2104 Habemus
434 2031 540 2128 igitur
561 2030 662 2128 apud
674 2032 783 2127 Syros
799 2031 977 2103 Jacobitas
998 2031 1133 2103 secutis
1156 2057 1192 2102 vr

188 2153 222 2210 et
234 2163 300 2226 vn,
316 2138 445 2213 seriem
465 2138 625 2209 virorum
644 2161 799 2234 quorum
812 2142 944 2236 scripta
960 2139 1192 2235 peripatetice
1291 2134 1315 2153 ”’

189 2244 430 2343 possidemus,
446 2245 610 2339 Sergium
630 2246 894 2331 Resainensem,
915 2248 1086 2317 Severum
1105 2246 1195 2315 Kios

189 2354 450 2440 nesrinensem,
478 2352 708 2424 Athanasium
726 2347 975 2441 Baladensem,
998 2354 1191 2448 Georgium

187 2462 401 2559 episcopum
429 2460 582 2550 Arabiae,
612 2459 788 2533 iacobum
806 2459 1038 2534 Edessenum.
1068 2461 1191 2532 Studia

188 2593 274 2639 vero
296 2567 405 2664 hujus
423 2583 527 2639 sectae
553 2569 740 2640 imminuta
768 2593 811 2640 ac
836 2569 909 2642 sere
930 2569 1061 2640 abolita
1085 2569 1192 2641 luisse

189 2676 369 2749 Moslemis
387 2702 509 2749 rerum
530 2677 748 2783 potientibus
771 2678 856 2750 inde
879 2678 1069 2776 colligitur,
1091 2679 1191 2775 qnod

188 2784 355 2889 asaeculo
376 2788 515 2881 vnrvix
535 2784 646 2857 ullum
667 2785 864 2874 Jacobitam
886 2788 1109 2884 reperiamus
1129 2790 1192 2886 qui

188 2890 368 2964 Aristoteli
392 2891 563 2992 deinceps
589 2918 713 2964 euram
739 2894 937 2992 impendat.
968 2895 1192 2967 Reviviscent

182 3019 185 3025 ·
210 2988 678 3073 *uidembaecstudiasaeculo
687 3001 827 3094 x111,sed
835 3000 1192 3100 ipsisArabibustnnc

188 3024 696 3207 dacemlerentibusstudiique
707 3112 883 3181 rationem
891 3110 1188 3204 monstranlibus.

191 3219 295 3286 Anno
308 3216 430 3287 tamen
450 3218 536 3304 830,
557 3216 676 3287 adhuc
696 3216 837 3313 reperio
859 3215 1053 3285 Antonium
1070 3214 1192 3286 rheto-

190 3347 281 3412 rem,
297 3324 777 3422 monachanagritensem,
794 3322 857 3419 qui
873 3322 1082 3420 conscripsit
1097 3321 1193 3393 nte-

190 3432 339 3502 roricum
355 3406 560 3528 Plriloponl.
576 3436 658 3501 Haec
673 3429 930 3517 Bar-hebreum,
948 3430 1008 3526 qui
1026 3429 1096 3500 alio
1109 3431 1191 3502 loco

188 3529 322 3611 librum
340 3536 484 3610 Antonii
502 3553 668 3610 numerat
691 3539 784 3608 inter
805 3539 943 3633 eosqui
963 3537 1192 3609 alumnorum

231 3750 240 3783 ¹
260 3753 292 3806 T.
310 3753 371 3822 111,
386 3770 416 3827 p.
434 3751 580 3809 aot-307.

231 3858 242 3892 ²
262 3863 307 3916 De
320 3872 396 3916 arcet.
411 3879 488 3935 graec.
504 3880 587 3930 vers„
602 3880 632 3936 p.
651 3863 709 3918 let
724 3862 772 3915 tt.

232 3968 242 4001 ³
263 3967 349 4045 Apud
364 3974 488 4039 Assem,
500 3983 521 4030 t.
537 3974 581 4040 ΙΙ,
597 3991 625 4047 p.
645 3973 761 4029 365¹·46
