2768 4776
592 328 789 393 ..20-

186 498 265 573 quae
283 489 336 545 est
356 474 502 545 scientia
525 496 608 541 vera
623 473 793 561 universi,
814 489 865 544 est
885 474 986 562 inte,
1009 487 1043 542 et
1060 497 1102 544 ex
1114 472 1198 570 phi·

187 581 350 679 losophia
371 579 430 651 illa
452 604 531 676 quae
553 581 661 650 estin
686 592 719 649 te
737 580 851 651 offero
874 579 937 650 tibi
960 604 1103 651 munus.
1121 584 1200 652 Nec

185 692 317 761 mirum
344 688 456 759 videri
473 685 581 758 debet
598 686 699 783 quod
716 711 760 757 ex
778 686 946 785 paradiso
973 686 1126 757 dominii
1142 688 1200 758 tui

185 797 335 868 olleram
354 795 417 866 tibi
431 819 580 883 munus,
600 794 778 890 siquidem
792 820 836 867 ex
853 794 1024 866 creaturis
1036 795 1102 864 Dei
1115 798 1199 865 Deo

184 902 1200 999 victimasollerresolemus.Munusveroquodofferotibi

185 1012 349 1082 oratione
361 1026 501 1083 constat
512 1013 538 1100 ¹3
553 1008 785 1109 philosophia
799 1012 897 1082 enim
911 1035 975 1109 per
991 1010 1199 1082 orationem

185 1120 379 1218 profertur,
398 1118 641 1218 philosophia,
663 1119 825 1215 inquam,
848 1143 927 1216 quae
945 1130 998 1189 est
1014 1118 1200 1215 optimum

186 1229 349 1300 omnium
366 1252 570 1299 munerum.
587 1231 667 1325 Ipsa
684 1241 737 1298 est
754 1228 852 1298 enim
868 1224 1099 1324 philosophia
1114 1251 1200 1322 quoe

185 1335 231 1421 de
255 1360 293 1407 se
310 1336 462 1432 loquens
489 1335 599 1406 dixit:
624 1339 804 1406 «Fructus
831 1334 903 1405 mei
929 1334 1095 1405 meliores
1111 1349 1201 1405 sunt

188 1467 311 1515 «auro
328 1467 441 1539 puro,
463 1457 498 1513 et
521 1442 639 1538 fruges
659 1466 746 1513 meae
772 1456 920 1536 argento
937 1439 1080 1511 electo’.
1095 1467 1112 1504 u
1133 1444 1203 1511 Et-

186 1552 284 1621 enim
303 1551 438 1621 lructus
461 1549 537 1646 ejus
563 1563 648 1622 sunt
670 1548 778 1637 salus,
803 1547 991 1635 fortitude,
1018 1548 1196 1644 potentia,

185 1659 403 1749 dominium,
428 1657 596 1755 potestas,
616 1682 781 1753 regnum,
811 1681 893 1755 pax,
911 1656 1060 1751 justitia,
1084 1655 1195 1753 leges.

186 1767 350 1864 Denique
364 1789 492 1836 omnes
509 1789 565 1835 res
581 1764 687 1835 bonae
709 1788 789 1861 quae
814 1779 898 1836 sunt
915 1764 954 1834 in
979 1763 1117 1835 mundo
1132 1790 1200 1863 per

186 1875 398 1972 sapientiam
430 1872 529 1943 factae
562 1872 707 1943 luerunt
739 1886 775 1943 et
806 1870 1064 1966 gubernantur.
1098 1873 1200 1944 Sicut

187 1980 313 2051 oculus
329 1979 440 2051 animi
454 1980 517 2076 qui
535 1995 587 2051 est
606 2003 720 2051 caecus
735 1979 967 2076 privatusque
980 1980 1058 2050 visu
1075 2005 1198 2051 rerum

186 2089 352 2158 omnium
368 2111 433 2183 per
450 2110 530 2157 cam
544 2086 659 2157 solam
676 2085 900 2158 illuminatur
917 2101 953 2157 et
968 2087 1194 2160 incarnatur:

187 2196 264 2292 ipsa
282 2194 409 2266 melior
433 2208 488 2265 est
504 2193 660 2265 millibus
678 2193 831 2266 millium
848 2193 1040 2266 oculorum
1058 2196 1194 2284 carnis;

187 2318 241 2375 est
255 2303 352 2373 enim
369 2300 496 2374 oculus
511 2302 609 2374 solus
619 2326 738 2389 verus,
753 2303 877 2373 omnia
894 2302 1034 2394 videm,
1048 2316 1195 2400 propter

187 2413 397 2487 affinitatem
423 2439 534 2511 quam
560 2413 669 2484 habet
692 2438 776 2483 cum
804 2414 953 2484 veritate
977 2438 1056 2510 quae
1081 2427 1132 2484 est
1153 2412 1191 2482 in

186 2523 370 2593 universo.
390 2523 488 2593 Sicut
506 2523 604 2594 enim
627 2521 753 2593 oculus
771 2522 946 2619 corporis,
966 2537 1113 2619 propter
1127 2518 1192 2591 ha·

187 2628 391 2700 bitudinem
409 2653 511 2699 suam
529 2653 612 2700 eum
636 2628 785 2716 lumine,
810 2627 909 2699 videt
926 2629 1123 2719 exteriora;
1145 2628 1196 2701 ita

188 2739 314 2811 oculus
327 2738 437 2809 animi
454 2752 602 2836 propter
614 2737 824 2811 affinitatem
848 2762 948 2809 suam
966 2763 1051 2808 cum
1060 2738 1198 2813 lumine

188 2845 401 2942 intelligibili
412 2845 512 2942 quod
526 2862 579 2917 est
590 2847 628 2917 iu
645 2847 828 2933 universo,
843 2845 965 2916 lumen
978 2845 1079 2942 quod
1093 2861 1147 2918 est
1159 2846 1198 2919 iu

188 2955 358 3024 universo
377 2953 488 3025 videt.
501 2957 544 3023 Et
564 2953 715 3053 perinde
731 2968 838 3050 atque
851 2952 964 3024 homo
977 2952 1079 3048 cujus
1101 2952 1197 3026 oculi

188 3062 355 3160 corporei
376 3059 513 3133 debiles
536 3060 683 3133 suntad
704 3059 828 3132 lumen
847 3059 1028 3150 sensibile,
1048 3075 1111 3132 aut
1127 3086 1198 3132 nc-

188 3195 390 3268 quaquam,
420 3184 481 3240 aut
505 3195 634 3268 parum
662 3169 782 3255 videt;
811 3168 860 3239 ita
889 3167 947 3239 ille
973 3169 1074 3264 cujus
1101 3168 1198 3240 oculi

189 3279 316 3351 animae
340 3304 415 3350 uon
437 3279 625 3351 assuefacti
647 3278 795 3349 suntad
814 3275 937 3348 lumen
961 3275 1195 3373 intelligibile,

191 3403 252 3457 aut
277 3410 525 3484 nequaquam,
549 3402 610 3458 aut
632 3410 762 3484 parum
786 3384 895 3456 videt.
921 3383 1090 3457 Praeclare
1110 3409 1197 3483 ergo

190 3492 338 3588 quidam
360 3492 623 3591 philosophus:
647 3494 824 3591 «Sapiens
842 3490 950 3563 habet
972 3492 1098 3564 oculos
1113 3517 1199 3564 suos

194 3628 211 3666 a
225 3600 261 3671 in
280 3601 415 3698 capite;
435 3600 563 3672 stultus
579 3617 699 3674 autem
728 3601 766 3672 in
789 3599 946 3671 tenebris
969 3600 1126 3673 ambulat
1135 3604 1158 3671 ³.
1176 3628 1195 3668 u

231 3759 240 3791 ¹
261 3761 325 3815 Vox
338 3756 449 3833 syriaca
462 3762 545 3814 mclto
559 3778 660 3817 omnes
678 3777 778 3816 sensus
797 3757 877 3815 vocis
896 3759 972 3835 λόγος
985 3760 1195 3836 complectitur.

230 3848 241 3881 ²
262 3850 445 3917 Prov.,v111,
462 3852 510 3906 19.

232 3938 243 3972 ³
263 3937 435 4010 Eccles.,11,
453 3943 500 3996 ll.
