2768 4776
593 365 789 430 „ar-

186 511 424 584 aris'totelicae.
441 507 645 580 Aristotcles
665 508 741 606 ipse
758 507 951 602 aliquando
969 532 1053 577 usus
1070 518 1122 576 est
1136 504 1190 574 his

184 616 430 691 schematibus
450 613 690 702 divisionum,
713 613 812 685 verbi
828 614 937 709 gratia
956 615 991 682 in
1008 611 1100 683 libro
1118 615 1191 705 Περὶ

187 722 390 822 Ἐρμηνείας,
409 748 490 823 cap.
510 726 631 815 run,§
646 724 682 810 43
700 735 737 791 et
754 719 825 791 loci
842 719 962 818 plures
979 721 1087 817 ipsius
1104 743 1192 814 ope-

185 855 271 902 rum
289 831 418 928 figuras
435 829 623 925 adjunctus
636 829 817 925 requirere
835 827 1028 898 videntur¹.
1046 828 1124 924 Syri
1138 825 1193 895 his

186 937 428 1010 schematibus
449 958 528 1006 nou
550 935 669 1005 minus
697 933 983 1022 delectabantur,
1009 949 1193 1030 totamque

184 1042 459 1142 philosophiam
476 1039 535 1110 his
550 1038 782 1111 divisionibus
800 1055 907 1137 atque
918 1040 1194 1113 enumerationi·

182 1146 253 1222 bus
274 1145 542 1246 dispescebant.
557 1148 728 1217 Praeterea
742 1149 856 1217 textui
878 1146 962 1218 libri
978 1154 1052 1244 Περὶ
1074 1146 1194 1244 Ἑρμη-

184 1261 271 1338 νεὶας
288 1255 370 1352 (fol.
393 1253 478 1350 27),
496 1252 619 1350 glossae
639 1267 675 1324 et
694 1255 934 1350 expositiones
960 1256 1121 1351 plurimae
1143 1257 1195 1326 in·

187 1376 293 1435 sertae
312 1377 397 1433 suut
421 1360 522 1432 lineis
540 1358 697 1432 miniatis
721 1360 878 1431 iuclusae.
908 1363 1091 1460 Denique,
1113 1376 1195 1460 post

189 1468 374 1565 Analytica
388 1467 468 1563 (fol.
483 1467 560 1564 49),
579 1466 756 1565 reperitur
769 1468 805 1536 in
817 1467 947 1537 eodem
959 1469 1085 1540 codice
1097 1493 1195 1539 com·

188 1576 384 1647 meutarius
406 1575 446 1646 io
470 1578 641 1671 lsagogen
673 1574 878 1672 Porphyrii,
902 1600 1011 1671 quem
1033 1580 1193 1645 Assema-

186 1706 256 1753 nus
274 1684 470 1753 Ammonio
499 1682 557 1752 vel
585 1680 787 1779 Philopono
814 1681 935 1753 tribuit
947 1685 970 1753 ¹.
1003 1683 1131 1780 Incipit
1156 1684 1193 1752 in

184 1787 468 1860 hunornodum:
483 1817 501 1856 ο
511 1791 658 1886 Septem
666 1790 782 1886 capita
795 1790 988 1886 quaerenda
999 1804 1083 1861 sunt
1092 1790 1194 1861 initio

184 1894 265 1967 libri
281 1896 489 1993 cujuslibet,
515 1921 664 1993 scopus,
693 1896 837 1984 utilitas,
860 1897 965 1986 ordo,
986 1922 1092 1969 causa
1114 1900 1197 1969 scri·

183 2002 314 2094 bandi,
330 2005 464 2076 divisio
477 2005 649 2101 capitum,
674 2005 774 2098 cujus
791 2006 946 2076 auctoris
963 2006 1007 2076 sit
1025 2005 1133 2094 liber,
1149 2005 1195 2076 de

186 2134 262 2207 quo
285 2127 379 2208 agat.
411 2114 552 2209 Scopus
578 2110 685 2206 hujus
709 2111 790 2182 libri
809 2127 862 2181 est
888 2127 928 2182 ut
953 2111 1124 2184 edisserat
1150 2113 1196 2186 de

187 2216 338 2289 vocibus
351 2216 624 2316 philosophicis.
691 2247 710 2284 u
723 2223 941 2314 Quanquam
958 2234 1079 2289 autem
1093 2221 1197 2291 multi

186 2338 272 2396 sunt
291 2324 562 2397 commentarii
592 2326 813 2422 peripatetici
846 2340 924 2397 tum
958 2327 995 2396 in
1025 2332 1194 2423 isagogen

187 2446 263 2503 tum
280 2434 318 2504 in
336 2432 565 2528 Categorias,
586 2433 648 2528 qui
668 2430 725 2502 his
751 2432 824 2503 fere
849 2432 967 2503 verbis
988 2435 1194 2530 incipiunt³,

186 2538 331 2611 nullum
349 2540 471 2638 reperi
487 2539 561 2610 sive
580 2541 873 2629 ammonii,.sive
891 2540 1104 2638 Philoponi,
1123 2543 1197 2612 sive

190 2645 283 2717 alius
309 2648 469 2743 cujusvis
500 2648 721 2744 peripatetici
753 2649 925 2745 quicum
950 2665 1074 2721 nostro
1106 2674 1198 2720 unus

187 2751 360 2851 idemque
391 2755 437 2824 sit
467 2780 475 2823 :
504 2753 567 2825 sed
595 2754 687 2826 adeo
718 2756 867 2827 confusa
897 2772 949 2828 est
977 2756 1054 2828 haec
1085 2773 1197 2830 mate·

226 3008 237 3042 ¹
257 3009 302 3070 Cf.
326 3007 512 3085 Barthdlemy
532 3007 753 3079 saint-Hilairo,
776 3015 901 3087 Logique
922 3015 1088 3083 d'Aristote,
1111 3027 1132 3076 t.
1152 3018 1197 3083 11,

189 3116 221 3173 p.
238 3100 270 3170 7,
281 3111 346 3159 not.

231 3204 243 3240 ¹
264 3210 359 3266 Garat.
374 3209 455 3269 codd.
473 3208 540 3264 bibl.
558 3221 629 3278 vot„
643 3219 664 3263 t.
680 3210 734 3276 ΠΙ,
750 3226 779 3284 p.
798 3209 868 3264 307.

230 3316 243 3352 ⁸
263 3315 352 3376 Verbi
367 3318 479 3397 gratia,
494 3316 589 3376 David
603 3321 746 3373 Armenus
761 3317 791 3372 in
805 3322 938 3392 Isagogen
955 3315 1042 3394 (inter
1055 3320 1199 3380 Brandisii

188 3407 302 3466 scholia
316 3407 347 3465 in
358 3407 554 3478 Aristotelem,
566 3406 603 3464 ad
617 3405 725 3463 calcem
737 3405 872 3462 editionis
882 3407 1077 3479 Behlierianae,
1089 3430 1119 3487 p.
1137 3414 1197 3484 16),

187 3501 364 3575 Anonymus
384 3496 436 3573 qui
458 3496 537 3574 apud
554 3494 736 3553 Brandisium
754 3508 812 3565 est,
834 3516 865 3573 p.
887 3497 945 3567 30,
968 3496 998 3553 in
1020 3501 1198 3576 categorias,

187 3599 219 3645 et
230 3595 405 3664 Anonymus
418 3587 469 3663 qui
481 3600 525 3645 est
537 3585 662 3653 ibidem,
674 3605 704 3662 p.
721 3588 773 3657 93,
783 3586 813 3642 in
827 3584 934 3643 librum
945 3586 1197 3666 Περὶ-Ἑρμηνείας,

186 3678 268 3755 Lege
297 3674 386 3733 modo
412 3697 418 3730 τ
443 3673 494 3742 Ἓξ
521 3671 652 3755 κεφάλαια
676 3675 844 3750 προληπτέον
871 3675 970 3742 παντὸς
1001 3680 1200 3754 ἀριστοτελικοῦ

186 3763 305 3842 biblion,
318 3765 433 3848 σκόπογ,
446 3763 594 3844 χρήσιμον,
605 3762 691 3835 τάξιν,
707 3764 868 3844 ἐπιγραφήν,
883 3767 1046 3847 συγγραφέα,
1058 3769 1199 3842 διασκευὴν

186 3853 250 3926 ἤτοι
279 3852 436 3924 οἰκονομίαν
457 3851 618 3928 τοῦλόγου,
644 3853 676 3923 ἣν
701 3852 747 3912 καὶ
770 3855 956 3914 διδασκαλικόν
980 3880 1066 3937 φαμεν
1089 3859 1195 3940 τρόπον.

187 3943 281 4016 lbid„
297 3964 329 4022 p.
346 3946 396 4000 30.
