2768 4776
661 341 858 423 464...

260 520 360 586 nem,
382 496 610 568 manifestant
626 500 733 571 etiam
751 502 965 574 medicinam
984 528 1190 603 corporum,
1211 510 1265 580 iu-

258 604 381 675 dicant
397 604 476 675 orbi
494 605 731 679 directionem
747 610 976 705 negotiorum
995 626 1031 682 et
1053 614 1263 712 sapientiam

257 738 448 784 summam.
487 714 571 784 Sine
598 713 655 785 his
680 714 881 789 ethnicismi
912 719 1105 791 virtutibus
1131 747 1263 796 vacuus

258 819 379 892 fuisset
400 821 511 911 orbis,
539 836 647 917 atque
662 822 786 919 inopia
807 838 843 893 et
859 840 1012 922 egestate
1034 826 1260 903 obductus.»

725 1138 794 1216 tx.

256 1352 302 1403 De
327 1350 435 1403 ultimis
447 1344 525 1419 fatis
538 1348 722 1423 philosophie
743 1352 826 1423 apud
842 1353 934 1422 Syma.
957 1386 997 1396 -
1019 1357 1064 1410 De
1081 1355 1258 1418 Barlebraen.

305 1557 357 1625 Ex
375 1575 468 1651 quo,
487 1568 526 1623 ut
550 1578 659 1651 supra
678 1554 922 1642 ostendimus,
944 1556 1042 1649 Syri,
1064 1561 1258 1652 prasertim

256 1662 470 1749 Nestoriani,
485 1658 642 1731 Arabum
652 1662 809 1757 magistri
823 1661 905 1732 facti
918 1676 1015 1746 sunt,
1030 1661 1259 1763 philosophia

255 1768 461 1863 Syroruma
477 1766 705 1865 philosophie
723 1767 879 1837 Arabum
893 1770 1030 1839 secerni
1044 1793 1119 1839 non
1134 1769 1255 1857 debet,

255 1875 405 1971 Syrique
417 1898 518 1972 paene
530 1896 657 1943 omnes
669 1875 732 1970 qui
748 1873 794 1944 de
805 1873 861 1944 his
873 1874 1069 1974 disciplinis
1081 1874 1254 1965 scribunt,

254 1982 398 2053 arabice
427 1978 602 2051 scribunt.
633 1981 813 2053 Asaeculo
838 1982 923 2053 inde
955 2008 1009 2074 tx,
1039 1982 1172 2055 scholae
1200 2010 1256 2081 sy-

255 2090 357 2163 riacae
372 2088 526 2161 omnino
542 2087 727 2185 languent,
742 2090 791 2160 ita
810 2103 868 2181 ut,
889 2105 977 2162 teste
994 2091 1180 2186 Sabarjesu
1193 2117 1257 2191 pa·

255 2195 421 2289 triarcha,
440 2218 539 2267 anno
555 2197 629 2269 834
646 2195 840 2284 scribente,
861 2198 1010 2271 «nullus
1023 2199 1099 2294 jam
1114 2198 1258 2293 juvenis

254 2304 428 2376 litteratus
458 2304 701 2393 inveniretur,
733 2304 962 2402 magistrique
999 2305 1179 2378 scholares
1211 2306 1258 2379 ad

254 2412 467 2485 discendum
483 2427 666 2509 cogerent,
683 2413 776 2483 sicut
791 2412 922 2483 medici
939 2438 1053 2509 aegros
1066 2412 1112 2484 ad
1126 2412 1257 2509 absyn-

253 2518 384 2613 thium,
402 2518 459 2590 vel
469 2520 712 2591 socotorinam
723 2518 920 2611 aloen‚nec
933 2519 979 2590 ad
991 2519 1153 2592 scholam
1165 2523 1257 2618 quis·

252 2650 364 2722 quam
384 2628 524 2698 veniret
539 2627 610 2697 nisi
626 2626 720 2699 same
740 2630 917 2699 coactus¹.
938 2656 955 2695 u
973 2628 1074 2699 Circa
1092 2652 1126 2699 a.
1144 2631 1253 2719 4080,

253 2733 417 2805 videmus
434 2734 686 2805 Nestorianum
708 2734 921 2830 quemdam,
951 2736 1099 2805 nomine
1116 2735 1255 2830 lahjam

253 2840 325 2911 beu
365 2839 528 2937 Djezala,
571 2842 652 2938 qui,
687 2865 802 2938 quum
844 2840 1068 2912 dialecticam
1118 2840 1255 2912 discere

253 2962 420 3045 cuperet,
441 2947 631 3045 nullusque
656 2962 748 3019 esset
768 2948 805 3018 in
830 2946 891 3019 illa
910 2962 1006 3019 secta
1029 2972 1074 3018 eo
1092 2961 1254 3046 tempore

253 3054 407 3127 scientiae
450 3054 535 3125 huie
578 3054 750 3129 dooendae
791 3055 972 3147 idoneus,
1016 3054 1253 3127 Motazelitam

252 3164 448 3259 quemdam
466 3163 675 3261 magistrum
692 3164 761 3235 sibi
776 3184 918 3237 sumere
933 3180 1082 3236 coactus
1095 3178 1167 3251 est,
1192 3166 1255 3263 qui

251 3271 400 3367 quidem
416 3270 541 3368 logicis
553 3272 650 3343 tricis
666 3269 817 3343 adduxit
833 3271 1020 3344 hominem
1038 3270 1083 3342 ad
1102 3269 1252 3342 islamis·

251 3400 352 3448 mum
369 3375 643 3475 profitendnm'.

300 3484 470 3556 Nonnulli
488 3500 609 3557 tamen
633 3486 711 3581 Syri
731 3486 960 3584 reperiuntur·
977 3482 1095 3555 adhuc
1118 3484 1182 3579 qui
1200 3508 1254 3581 sy-

249 3590 344 3663 riace
359 3590 672 3690 philosophantur.
694 3596 747 3663 Eo
769 3616 856 3664 vero
873 3590 1043 3663 differunt
1058 3612 1082 3661 a
1095 3589 1254 3689 philoso-

289 3810 298 3847 ¹
320 3814 445 3880 Assem„
461 3810 537 3873 Bibl.
554 3817 670 3885 orient,
685 3826 706 3871 t.
722 3818 781 3886 111,
799 3832 866 3893 pars
879 3816 924 3887 Π,
939 3832 969 3891 p.
986 3832 1074 3871 ctu.

288 3920 301 3954 ¹
321 3925 431 3979 Assem.
447 3922 522 3981 Bibl.
538 3930 654 3997 ortena,
670 3937 691 3982 t.
707 3928 766 3996 111,
781 3944 848 4003 pars
861 3929 891 3998 1,
907 3944 937 4002 p.
952 3928 1073 3986 sta-ta.
