2768 4776
587 365 785 432 ...26-

183 509 406 598 Britannico‚
423 524 530 606 atque
543 508 735 580 Theodoro
753 510 862 580 ceteri
875 508 949 581 iere
964 530 1090 579 omnes
1109 504 1200 579 lib'ri

182 615 295 712 Sergii
325 618 423 688 missi
449 617 521 690 sint
533 667 548 703 ,ι
569 617 668 687 hunc
691 614 815 688 itidem
840 614 887 687 ad
913 615 1075 712 Sergium
1101 614 1200 687 nihil

183 723 353 796 dubitans
370 724 499 797 refero.
517 729 687 796 Nostrum
704 747 790 796 sane
807 737 995 796 tractatum
1013 721 1200 819 Ebedjesu

183 834 221 905 in
240 846 362 904 mente
380 831 537 905 habebat
546 832 856 929 ,quum-diceret,
875 833 912 902 in
927 855 994 902 suo
1008 830 1197 926 catalogo,

184 938 348 1034 Sergium
377 939 623 1039 composuisse
648 940 986 1010 Comnwnturium
971 962 1011 1008 m
1031 937 1200 1011 dialecti·

184 1051 291 1119 cum¹.
312 1048 526 1120 Continetor
541 1047 667 1119 codice
682 1047 823 1138 10658,
845 1045 975 1118 saeculo
990 1070 1029 1116 ιι
1045 1044 1101 1178 vel
1117 1070 1198 1135 ιιι,

186 1169 227 1227 ut
242 1154 397 1244 videtur,
417 1170 575 1228 exarato.

235 1277 273 1347 2⁰
291 1271 396 1345 Liber
412 1280 469 1344 De
484 1277 600 1345 causis
618 1297 770 1343 universi
785 1272 899 1369 juxta
919 1286 1072 1342 mentem
1088 1274 1200 1344 Aris-

188 1379 316 1469 totelis,
336 1404 405 1479 quo
419 1380 685 1453 demonstratur
701 1381 903 1449 anl'versum
918 1376 1091 1448 circtdum
1107 1380 1200 1477 effi-

186 1511 279 1558 cere.
300 1488 355 1560 Ad
370 1488 603 1561 Theodorum
619 1489 748 1560 missus
766 1502 831 1577 est,
849 1487 1052 1583 eodemque
1067 1487 1202 1560 codice

187 1597 405 1670 continetur.

238 1717 275 1790 3⁰
290 1718 416 1788 Versio
429 1715 511 1787 libri
521 1720 594 1812 Περὶ
610 1718 723 1810 κόψω
732 1718 802 1810 πρὸς
819 1707 1026 1809 Ἀλέξανδροι,
1041 1710 1109 1781 sub
1124 1710 1203 1784 hoc

189 1821 293 1894 titulo
320 1851 328 1893 :
358 1822 521 1920 Epistola
547 1820 754 1893 Aristotelis
777 1818 828 1889 ud
853 1817 1123 1911 Alexandrum,
1155 1818 1205 1891 de

189 1929 389 2002 alemanni.
409 1930 594 2002 Praemisso
616 1945 669 2002 cst
685 1927 835 2028 epistola
851 1943 888 2000 et
902 1927 1128 2024 nuncupatio
1149 1929 1204 2001 ad

189 2039 435 2112 Theodorum.
456 2039 596 2113 Eodem
614 2038 753 2110 codice.

240 2159 277 2229 4⁰
293 2155 521 2255 Opusculum
544 2160 602 2227 De
623 2180 773 2255 genere,
798 2157 914 2253 specie
942 2171 979 2224 et
1004 2151 1197 2241 individuo,

191 2263 298 2363 capiti
316 2262 477 2336 secundo
495 2266 660 2364 isagoges
684 2263 939 2363 porphyriana
956 2260 1196 2360 respondeus.

191 2371 330 2444 Eodem
342 2372 485 2444 codice.

242 2494 278 2562 5⁰
294 2489 463 2560 Scholion
474 2489 604 2561 doceris
613 2487 892 2588 ᾳιιίάιίῐσχῆμα.
912 2484 1047 2559 Codice
1060 2485 1193 2617 16660,

191 2597 360 2669 saecuiirx
374 2597 430 2669 vel
442 2624 484 2668 x

242 2712 279 2784 6ο
296 2713 538 2810 Opusoulum,
559 2710 751 2783 Theodoro
771 2724 1037 2808 nuncupatum,
1065 2710 1158 2779 De
1135 2735 1202 2809 Ju-

192 2817 295 2889 dictis
310 2845 388 2916 quae
402 2836 552 2890 sumunt
569 2817 743 2917 astrologi
764 2843 810 2888 eu
830 2817 922 2889 luuoe
944 2817 1203 2914 stellarumque

194 2925 355 2998 motibus.
372 2928 535 3025 Eprimis
546 2927 651 2999 lineis
664 2942 812 3025 apparet
824 2927 895 2998 hoc
909 2952 1002 3024 opus
1016 2927 1201 3023 epitomen

193 3058 271 3106 esse
287 3032 369 3105 libri
381 3035 475 3106 tertii
489 3033 616 3107 Galeni
633 3039 707 3131 Περὶ
716 3038 867 3132 κρισίμων
882 3044 1016 3132 ἡμερῶν.
1033 3034 1092 3104 Sic
1102 3033 1202 3105 enim

161 3132 163 3136 ’
193 3142 319 3240 incipit
337 3172 346 3213 :
369 3146 589 3242 «Postquam
603 3142 835 3242 exposuimus
851 3141 984 3214 librum
1005 3142 1149 3214 tertium
1166 3154 1204 3241 pt

193 3249 361 3322 ultimum
386 3251 507 3350 operis
524 3257 579 3323 De
598 3250 720 3323 diebus
737 3252 882 3343 criticis,
904 3276 927 3322 o
949 3249 1057 3321 frater
1078 3242 1204 3325 nostor

192 3358 396 3447 Theodoro,
416 3361 589 3456 quoniam
609 3359 729 3431 vidisti
755 3357 1004 3431 difficultatem
1029 3356 1203 3428 doctrinae

194 3489 304 3561 quam
323 3480 450 3537 auctor
470 3467 636 3566 exposuit
657 3469 695 3539 in
713 3466 785 3538 hoc
802 3466 910 3554 libro,
933 3465 1066 3562 rogasti
1083 3489 1142 3535 mo
1162 3480 1203 3536 ut

194 3570 390 3645 scriberem
407 3573 471 3646 tihi
488 3575 535 3646 de
547 3574 688 3646 theoria
701 3598 811 3672 quam
827 3575 864 3644 in
880 3573 948 3644 hac
964 3574 1112 3645 materia
1130 3572 1204 3644 Ga-

194 3679 299 3752 lenus
324 3679 515 3779 profitetur
537 3707 648 3780 quam
666 3682 914 3754 brevissimam
937 3697 1065 3781 potero
1082 3681 1201 3778 epito-

197 3812 302 3877 men,
326 3814 369 3859 ex
383 3813 455 3885 qua
468 3790 620 3887 quisque
638 3789 791 3886 legendo
810 3789 998 3862 utilitatem
1017 3790 1202 3889 percipere

238 3965 246 3999 ¹
268 3965 393 4034 Assem..
412 3976 432 4021 t.
450 3967 504 4037 111,
519 3985 587 4043 pars
599 3969 625 4036 1,
640 3983 671 4040 p.
688 3966 737 4023 87.
