<?xml version="1.0" encoding="UTF-8"?>
<!DOCTYPE html PUBLIC "-//W3C//DTD XHTML 1.0 Transitional//EN"
    "http://www.w3.org/TR/xhtml1/DTD/xhtml1-transitional.dtd">
<html xmlns="http://www.w3.org/1999/xhtml" xml:lang="en" lang="en">
 <head>
  <title>
</title>
<meta http-equiv="Content-Type" content="text/html;charset=utf-8" />
  <meta name='ocr-system' content='tesseract 3.04.00' />
  <meta name='ocr-capabilities' content='ocr_page ocr_carea ocr_par ocr_line ocrx_word'/>
</head>
<body>
  <div class='ocr_page' id='page_1' title='image "./dephilosophiape00renagoog_0082.png"; bbox 0 0 2768 4776; ppageno 0'>
   <div class='ocr_carea' id='block_1_1' title="bbox 583 372 785 469">
    <p class='ocr_par' dir='ltr' id='par_1_1' title="bbox 583 372 785 469">
     <span class='ocr_line' id='line_1_1' title="bbox 583 372 785 469; baseline 0.035 -35"><span class='ocrx_word' id='word_1_1' title='bbox 583 372 785 469; x_wconf 29' lang='lat' dir='ltr'><strong>-rr-,</strong></span> 
     </span>
    </p>
   </div>
   <div class='ocr_carea' id='block_1_2' title="bbox 183 513 1179 698">
    <p class='ocr_par' dir='ltr' id='par_1_2' title="bbox 183 513 1179 698">
     <span class='ocr_line' id='line_1_2' title="bbox 183 513 1179 618; baseline -0.003 -29"><span class='ocrx_word' id='word_1_2' title='bbox 183 517 447 618; x_wconf 84' lang='lat' dir='ltr'>philosophiam</span> <span class='ocrx_word' id='word_1_3' title='bbox 460 515 661 604; x_wconf 78' lang='lat' dir='ltr'><strong>utilissime,</strong></span> <span class='ocrx_word' id='word_1_4' title='bbox 674 539 782 611; x_wconf 90' lang='lat' dir='ltr'><strong>quem</strong></span> <span class='ocrx_word' id='word_1_5' title='bbox 795 513 1031 610; x_wconf 82' lang='lat' dir='ltr'><strong>vulgaverunt</strong></span> <span class='ocrx_word' id='word_1_6' title='bbox 1038 513 1179 610; x_wconf 79' lang='lat' dir='ltr'><strong>Ecchcl·</strong></span> 
     </span>
     <span class='ocr_line' id='line_1_3' title="bbox 183 627 1136 698; baseline -0.01 -2"><span class='ocrx_word' id='word_1_7' title='bbox 183 627 290 698; x_wconf 88' lang='lat' dir='ltr'><strong>lensis</strong></span> <span class='ocrx_word' id='word_1_8' title='bbox 303 640 339 696; x_wconf 90' lang='lat' dir='ltr'><strong>et</strong></span> <span class='ocrx_word' id='word_1_9' title='bbox 355 628 577 696; x_wconf 80' lang='lat' dir='ltr'><strong>Assemanus.</strong></span> <span class='ocrx_word' id='word_1_10' title='bbox 1133 656 1136 662; x_wconf 44' lang='lat'><em>‡</em></span> 
     </span>
    </p>
   </div>
   <div class='ocr_carea' id='block_1_3' title="bbox 184 738 1205 3740">
    <p class='ocr_par' dir='ltr' id='par_1_3' title="bbox 184 738 1205 3740">
     <span class='ocr_line' id='line_1_4' title="bbox 233 738 1181 839; baseline -0.003 -26"><span class='ocrx_word' id='word_1_11' title='bbox 233 741 376 815; x_wconf 85' lang='lat' dir='ltr'><strong>Saeculis</strong></span> <span class='ocrx_word' id='word_1_12' title='bbox 391 739 667 839; x_wconf 80' lang='lat' dir='ltr'><strong>posterioribus,</strong></span> <span class='ocrx_word' id='word_1_13' title='bbox 692 740 749 810; x_wconf 84' lang='lat' dir='ltr'><strong>vix</strong></span> <span class='ocrx_word' id='word_1_14' title='bbox 767 764 882 811; x_wconf 89' lang='lat' dir='ltr'><strong>unum</strong></span> <span class='ocrx_word' id='word_1_15' title='bbox 900 754 935 811; x_wconf 87' lang='lat' dir='ltr'><strong>et</strong></span> <span class='ocrx_word' id='word_1_16' title='bbox 958 738 1108 811; x_wconf 86' lang='lat' dir='ltr'><strong>alterum</strong></span> <span class='ocrx_word' id='word_1_17' title='bbox 1125 740 1181 811; x_wconf 87' lang='lat' dir='ltr'><strong>ln·</strong></span> 
     </span>
     <span class='ocr_line' id='line_1_5' title="bbox 187 844 1185 944; baseline -0.003 -24"><span class='ocrx_word' id='word_1_18' title='bbox 187 851 306 921; x_wconf 84' lang='lat' dir='ltr'><strong>venias</strong></span> <span class='ocrx_word' id='word_1_19' title='bbox 315 849 406 922; x_wconf 85' lang='lat' dir='ltr'><strong>inter</strong></span> <span class='ocrx_word' id='word_1_20' title='bbox 416 851 524 944; x_wconf 89' lang='lat' dir='ltr'><strong>Syros</strong></span> <span class='ocrx_word' id='word_1_21' title='bbox 534 847 596 943; x_wconf 91' lang='lat' dir='ltr'><strong>qui</strong></span> <span class='ocrx_word' id='word_1_22' title='bbox 605 844 841 943; x_wconf 83' lang='lat' dir='ltr'><strong>philosophiae</strong></span> <span class='ocrx_word' id='word_1_23' title='bbox 851 847 997 921; x_wconf 84' lang='lat' dir='ltr'><strong>nomine</strong></span> <span class='ocrx_word' id='word_1_24' title='bbox 1010 845 1185 920; x_wconf 83' lang='lat' dir='ltr'><strong>celebrari</strong></span> 
     </span>
     <span class='ocr_line' id='line_1_6' title="bbox 187 952 1184 1052; baseline -0.003 -25"><span class='ocrx_word' id='word_1_25' title='bbox 187 972 373 1029; x_wconf 87' lang='lat' dir='ltr'><strong>mereatur.</strong></span> <span class='ocrx_word' id='word_1_26' title='bbox 395 961 470 1027; x_wconf 91' lang='lat' dir='ltr'><strong>Noe</strong></span> <span class='ocrx_word' id='word_1_27' title='bbox 494 952 753 1050; x_wconf 88' lang='lat' dir='ltr'><strong>Bacuphenen,</strong></span> <span class='ocrx_word' id='word_1_28' title='bbox 773 953 1011 1043; x_wconf 82' lang='lat' dir='ltr'><strong>Libaniotam,</strong></span> <span class='ocrx_word' id='word_1_29' title='bbox 1029 955 1184 1052; x_wconf 84' lang='lat' dir='ltr'><strong>patriar·-</strong></span> 
     </span>
     <span class='ocr_line' id='line_1_7' title="bbox 185 1062 1183 1160; baseline -0.002 -25"><span class='ocrx_word' id='word_1_30' title='bbox 185 1065 289 1136; x_wconf 90' lang='lat' dir='ltr'><strong>cham</strong></span> <span class='ocrx_word' id='word_1_31' title='bbox 306 1062 549 1136; x_wconf 81' lang='lat' dir='ltr'><strong>lacebitarum</strong></span> <span class='ocrx_word' id='word_1_32' title='bbox 561 1084 657 1132; x_wconf 87' lang='lat' dir='ltr'><strong>anno</strong></span> <span class='ocrx_word' id='word_1_33' title='bbox 676 1063 763 1134; x_wconf 75' lang='lat' dir='ltr'><strong>llrbl</strong></span> <span class='ocrx_word' id='word_1_34' title='bbox 786 1076 925 1151; x_wconf 86' lang='lat' dir='ltr'><strong>natum,</strong></span> <span class='ocrx_word' id='word_1_35' title='bbox 945 1063 1085 1160; x_wconf 84' lang='lat' dir='ltr'><strong>reperio</strong></span> <span class='ocrx_word' id='word_1_36' title='bbox 1102 1086 1183 1133; x_wconf 90' lang='lat' dir='ltr'><strong>auc·</strong></span> 
     </span>
     <span class='ocr_line' id='line_1_8' title="bbox 184 1167 1182 1266; baseline -0.003 -23"><span class='ocrx_word' id='word_1_37' title='bbox 184 1187 300 1243; x_wconf 85' lang='lat' dir='ltr'><strong>torem</strong></span> <span class='ocrx_word' id='word_1_38' title='bbox 312 1167 422 1238; x_wconf 90' lang='lat' dir='ltr'><strong>libelli</strong></span> <span class='ocrx_word' id='word_1_39' title='bbox 439 1167 629 1264; x_wconf 86' lang='lat' dir='ltr'><strong>rhythmici</strong></span> <span class='ocrx_word' id='word_1_40' title='bbox 642 1167 688 1239; x_wconf 90' lang='lat' dir='ltr'><strong>de</strong></span> <span class='ocrx_word' id='word_1_41' title='bbox 706 1169 984 1258; x_wconf 84' lang='lat' dir='ltr'><strong>Universalibus,</strong></span> <span class='ocrx_word' id='word_1_42' title='bbox 1004 1170 1104 1266; x_wconf 92' lang='lat' dir='ltr'><strong>quod</strong></span> <span class='ocrx_word' id='word_1_43' title='bbox 1120 1194 1182 1240; x_wconf 89' lang='lat' dir='ltr'><strong>co-</strong></span> 
     </span>
     <span class='ocr_line' id='line_1_9' title="bbox 185 1276 1182 1372; baseline 0.001 -25"><span class='ocrx_word' id='word_1_44' title='bbox 185 1280 264 1347; x_wconf 90' lang='lat' dir='ltr'><strong>dice</strong></span> <span class='ocrx_word' id='word_1_45' title='bbox 287 1278 461 1347; x_wconf 83' lang='lat' dir='ltr'><strong>Vaticano</strong></span> <span class='ocrx_word' id='word_1_46' title='bbox 485 1276 623 1372; x_wconf 85' lang='lat' dir='ltr'><strong>syriaco</strong></span> <span class='ocrx_word' id='word_1_47' title='bbox 644 1278 715 1348; x_wconf 76' lang='grc'>174</span> <span class='ocrx_word' id='word_1_48' title='bbox 739 1278 976 1348; x_wconf 87' lang='lat' dir='ltr'><strong>continetur¹.</strong></span> <span class='ocrx_word' id='word_1_49' title='bbox 1005 1276 1182 1348; x_wconf 80' lang='lat' dir='ltr'><strong>Abraham</strong></span> 
     </span>
     <span class='ocr_line' id='line_1_10' title="bbox 187 1381 1182 1473; baseline 0.002 -21"><span class='ocrx_word' id='word_1_50' title='bbox 187 1382 440 1471; x_wconf 86' lang='lat' dir='ltr'><strong>Ecchellensis,</strong></span> <span class='ocrx_word' id='word_1_51' title='bbox 462 1398 624 1453; x_wconf 86' lang='lat' dir='ltr'><strong>mortuus</strong></span> <span class='ocrx_word' id='word_1_52' title='bbox 641 1407 737 1454; x_wconf 84' lang='lat' dir='ltr'><strong>anno</strong></span> <span class='ocrx_word' id='word_1_53' title='bbox 756 1384 954 1473; x_wconf 72' lang='lat' dir='ltr'><strong>tererent,</strong></span> <span class='ocrx_word' id='word_1_54' title='bbox 975 1381 1090 1456; x_wconf 90' lang='lat' dir='ltr'><strong>omitti</strong></span> <span class='ocrx_word' id='word_1_55' title='bbox 1107 1409 1182 1455; x_wconf 93' lang='lat' dir='ltr'><strong>non</strong></span> 
     </span>
     <span class='ocr_line' id='line_1_11' title="bbox 185 1490 1183 1586; baseline 0.002 -26"><span class='ocrx_word' id='word_1_56' title='bbox 185 1490 303 1562; x_wconf 86' lang='lat' dir='ltr'><strong>debet.</strong></span> <span class='ocrx_word' id='word_1_57' title='bbox 324 1491 445 1561; x_wconf 85' lang='lat' dir='ltr'><strong>Codex</strong></span> <span class='ocrx_word' id='word_1_58' title='bbox 465 1505 588 1562; x_wconf 87' lang='lat' dir='ltr'><strong>noster</strong></span> <span class='ocrx_word' id='word_1_59' title='bbox 610 1491 695 1577; x_wconf 84' lang='grc'>161,</span> <span class='ocrx_word' id='word_1_60' title='bbox 719 1491 781 1586; x_wconf 92' lang='lat' dir='ltr'><strong>qui</strong></span> <span class='ocrx_word' id='word_1_61' title='bbox 807 1490 913 1561; x_wconf 88' lang='lat' dir='ltr'><strong>nobis</strong></span> <span class='ocrx_word' id='word_1_62' title='bbox 931 1493 967 1563; x_wconf 92' lang='lat' dir='ltr'><strong>in</strong></span> <span class='ocrx_word' id='word_1_63' title='bbox 993 1491 1061 1564; x_wconf 89' lang='lat' dir='ltr'><strong>hac</strong></span> <span class='ocrx_word' id='word_1_64' title='bbox 1082 1516 1183 1562; x_wconf 90' lang='lat' dir='ltr'><strong>com·</strong></span> 
     </span>
     <span class='ocr_line' id='line_1_12' title="bbox 185 1597 1185 1695; baseline 0 -26"><span class='ocrx_word' id='word_1_65' title='bbox 185 1598 404 1670; x_wconf 78' lang='lat' dir='ltr'><strong>mentatione</strong></span> <span class='ocrx_word' id='word_1_66' title='bbox 421 1601 526 1669; x_wconf 90' lang='lat' dir='ltr'><strong>toties</strong></span> <span class='ocrx_word' id='word_1_67' title='bbox 554 1598 633 1668; x_wconf 93' lang='lat' dir='ltr'><strong>usui</strong></span> <span class='ocrx_word' id='word_1_68' title='bbox 652 1597 735 1686; x_wconf 86' lang='lat' dir='ltr'><strong>fuit,</strong></span> <span class='ocrx_word' id='word_1_69' title='bbox 766 1599 877 1695; x_wconf 90' lang='lat' dir='ltr'><strong>ipsius</strong></span> <span class='ocrx_word' id='word_1_70' title='bbox 897 1624 1005 1670; x_wconf 89' lang='lat' dir='ltr'><strong>manu</strong></span> <span class='ocrx_word' id='word_1_71' title='bbox 1023 1614 1185 1673; x_wconf 82' lang='lat' dir='ltr'><strong>exaratus</strong></span> 
     </span>
     <span class='ocr_line' id='line_1_13' title="bbox 185 1705 1185 1805; baseline 0.002 -29"><span class='ocrx_word' id='word_1_72' title='bbox 185 1721 250 1794; x_wconf 88' lang='lat' dir='ltr'><strong>est,</strong></span> <span class='ocrx_word' id='word_1_73' title='bbox 269 1706 474 1804; x_wconf 87' lang='lat' dir='ltr'><strong>scholiaque</strong></span> <span class='ocrx_word' id='word_1_74' title='bbox 488 1705 623 1804; x_wconf 84' lang='lat' dir='ltr'><strong>abipso</strong></span> <span class='ocrx_word' id='word_1_75' title='bbox 636 1705 797 1805; x_wconf 84' lang='lat' dir='ltr'><strong>profecta</strong></span> <span class='ocrx_word' id='word_1_76' title='bbox 812 1706 967 1779; x_wconf 86' lang='lat' dir='ltr'><strong>exhibet.</strong></span> <span class='ocrx_word' id='word_1_77' title='bbox 981 1706 1050 1779; x_wconf 86' lang='lat' dir='ltr'><strong>Sed</strong></span> <span class='ocrx_word' id='word_1_78' title='bbox 1064 1731 1185 1778; x_wconf 90' lang='lat' dir='ltr'><strong>rerum</strong></span> 
     </span>
     <span class='ocr_line' id='line_1_14' title="bbox 184 1813 1185 1914; baseline 0.002 -30"><span class='ocrx_word' id='word_1_79' title='bbox 184 1813 422 1886; x_wconf 88' lang='lat' dir='ltr'><strong>humanarum</strong></span> <span class='ocrx_word' id='word_1_80' title='bbox 441 1814 571 1885; x_wconf 90' lang='lat' dir='ltr'><strong>mirare</strong></span> <span class='ocrx_word' id='word_1_81' title='bbox 591 1815 708 1886; x_wconf 88' lang='lat' dir='ltr'><strong>vices:</strong></span> <span class='ocrx_word' id='word_1_82' title='bbox 724 1815 815 1912; x_wconf 90' lang='lat' dir='ltr'><strong>Syri,</strong></span> <span class='ocrx_word' id='word_1_83' title='bbox 834 1815 897 1912; x_wconf 93' lang='lat' dir='ltr'><strong>qui</strong></span> <span class='ocrx_word' id='word_1_84' title='bbox 913 1816 1020 1914; x_wconf 88' lang='lat' dir='ltr'><strong>primi</strong></span> <span class='ocrx_word' id='word_1_85' title='bbox 1044 1814 1185 1887; x_wconf 80' lang='lat' dir='ltr'><strong>fuerant</strong></span> 
     </span>
     <span class='ocr_line' id='line_1_15' title="bbox 184 1921 1182 2023; baseline 0.004 -32"><span class='ocrx_word' id='word_1_86' title='bbox 184 1923 340 2017; x_wconf 81' lang='lat' dir='ltr'><strong>magistri</strong></span> <span class='ocrx_word' id='word_1_87' title='bbox 368 1921 542 2004; x_wconf 81' lang='lat' dir='ltr'><strong>Arabum,</strong></span> <span class='ocrx_word' id='word_1_88' title='bbox 574 1946 672 1993; x_wconf 89' lang='lat' dir='ltr'><strong>nunc</strong></span> <span class='ocrx_word' id='word_1_89' title='bbox 702 1921 864 1993; x_wconf 68' lang='lat' dir='ltr'><strong>‘Arabum</strong></span> <span class='ocrx_word' id='word_1_90' title='bbox 891 1922 1056 2023; x_wconf 89' lang='lat' dir='ltr'><strong>discipuli</strong></span> <span class='ocrx_word' id='word_1_91' title='bbox 1081 1938 1182 2012; x_wconf 90' lang='lat' dir='ltr'><strong>sunt,</strong></span> 
     </span>
     <span class='ocr_line' id='line_1_16' title="bbox 187 2026 1185 2129; baseline 0.006 -32"><span class='ocrx_word' id='word_1_92' title='bbox 187 2041 292 2123; x_wconf 87' lang='lat' dir='ltr'><strong>atque</strong></span> <span class='ocrx_word' id='word_1_93' title='bbox 310 2026 355 2097; x_wconf 93' lang='lat' dir='ltr'><strong>ab</strong></span> <span class='ocrx_word' id='word_1_94' title='bbox 371 2029 413 2096; x_wconf 90' lang='lat' dir='ltr'><strong>iis</strong></span> <span class='ocrx_word' id='word_1_95' title='bbox 427 2027 643 2099; x_wconf 85' lang='lat' dir='ltr'><strong>documenta</strong></span> <span class='ocrx_word' id='word_1_96' title='bbox 660 2029 897 2126; x_wconf 82' lang='lat' dir='ltr'><strong>philosophiae</strong></span> <span class='ocrx_word' id='word_1_97' title='bbox 917 2033 1104 2129; x_wconf 89' lang='lat' dir='ltr'><strong>recipiunt.</strong></span> <span class='ocrx_word' id='word_1_98' title='bbox 1123 2034 1185 2103; x_wconf 86' lang='lat' dir='ltr'><strong>Pa·</strong></span> 
     </span>
     <span class='ocr_line' id='line_1_17' title="bbox 187 2131 1186 2234; baseline 0.007 -31"><span class='ocrx_word' id='word_1_99' title='bbox 187 2134 340 2204; x_wconf 87' lang='lat' dir='ltr'><strong>triarcha</strong></span> <span class='ocrx_word' id='word_1_100' title='bbox 364 2131 613 2204; x_wconf 75' lang='lat' dir='ltr'><strong>Chaldaeorum</strong></span> <span class='ocrx_word' id='word_1_101' title='bbox 636 2135 750 2229; x_wconf 84' lang='lat' dir='ltr'><strong>(circa</strong></span> <span class='ocrx_word' id='word_1_102' title='bbox 771 2159 908 2206; x_wconf 86' lang='lat' dir='ltr'><strong>annum</strong></span> <span class='ocrx_word' id='word_1_103' title='bbox 933 2138 1061 2234; x_wconf 82' lang='grc'>1691),</span> <span class='ocrx_word' id='word_1_104' title='bbox 1085 2144 1186 2210; x_wconf 89' lang='lat' dir='ltr'><strong>Jose-</strong></span> 
     </span>
     <span class='ocr_line' id='line_1_18' title="bbox 186 2241 1187 2339; baseline 0.004 -27"><span class='ocrx_word' id='word_1_105' title='bbox 186 2241 279 2339; x_wconf 93' lang='lat' dir='ltr'><strong>phus</strong></span> <span class='ocrx_word' id='word_1_106' title='bbox 295 2246 339 2327; x_wconf 88' lang='lat'><strong>11,</strong></span> <span class='ocrx_word' id='word_1_107' title='bbox 359 2264 507 2313; x_wconf 83' lang='lat' dir='ltr'><strong>narrans</strong></span> <span class='ocrx_word' id='word_1_108' title='bbox 532 2241 628 2338; x_wconf 86' lang='lat' dir='ltr'><strong>apud</strong></span> <span class='ocrx_word' id='word_1_109' title='bbox 655 2245 923 2331; x_wconf 80' lang='lat' dir='ltr'><strong>Assemanum’,</strong></span> <span class='ocrx_word' id='word_1_110' title='bbox 946 2270 1094 2316; x_wconf 88' lang='lat' dir='ltr'><strong>suorum</strong></span> <span class='ocrx_word' id='word_1_111' title='bbox 1113 2260 1187 2316; x_wconf 88' lang='lat' dir='ltr'><strong>stu-</strong></span> 
     </span>
     <span class='ocr_line' id='line_1_19' title="bbox 186 2349 1205 2440; baseline 0.007 -21"><span class='ocrx_word' id='word_1_112' title='bbox 186 2349 329 2420; x_wconf 87' lang='lat' dir='ltr'><strong>diorum</strong></span> <span class='ocrx_word' id='word_1_113' title='bbox 356 2350 552 2437; x_wconf 88' lang='lat' dir='ltr'><strong>rationem,</strong></span> <span class='ocrx_word' id='word_1_114' title='bbox 580 2351 709 2423; x_wconf 87' lang='lat' dir='ltr'><strong>fatetur</strong></span> <span class='ocrx_word' id='word_1_115' title='bbox 737 2375 775 2421; x_wconf 87' lang='lat' dir='ltr'><strong>se</strong></span> <span class='ocrx_word' id='word_1_116' title='bbox 796 2366 925 2423; x_wconf 87' lang='lat' dir='ltr'><strong>cuncta</strong></span> <span class='ocrx_word' id='word_1_117' title='bbox 952 2353 1117 2425; x_wconf 88' lang='lat' dir='ltr'><strong>didicisse</strong></span> <span class='ocrx_word' id='word_1_118' title='bbox 1139 2353 1205 2440; x_wconf 83' lang='lat' dir='ltr'><strong>ab,</strong></span> 
     </span>
     <span class='ocr_line' id='line_1_20' title="bbox 188 2455 1188 2559; baseline 0.007 -34"><span class='ocrx_word' id='word_1_119' title='bbox 188 2456 373 2546; x_wconf 81' lang='lat' dir='ltr'><strong>hrabibus,</strong></span> <span class='ocrx_word' id='word_1_120' title='bbox 393 2455 492 2553; x_wconf 93' lang='lat' dir='ltr'><strong>quod</strong></span> <span class='ocrx_word' id='word_1_121' title='bbox 513 2455 611 2529; x_wconf 90' lang='lat' dir='ltr'><strong>nulla</strong></span> <span class='ocrx_word' id='word_1_122' title='bbox 626 2457 827 2529; x_wconf 86' lang='lat' dir='ltr'><strong>christianis</strong></span> <span class='ocrx_word' id='word_1_123' title='bbox 839 2459 878 2530; x_wconf 91' lang='lat' dir='ltr'><strong>in</strong></span> <span class='ocrx_word' id='word_1_124' title='bbox 889 2460 1036 2530; x_wconf 87' lang='lat' dir='ltr'><strong>Oriente</strong></span> <span class='ocrx_word' id='word_1_125' title='bbox 1048 2474 1188 2559; x_wconf 84' lang='lat' dir='ltr'><strong>pateret</strong></span> 
     </span>
     <span class='ocr_line' id='line_1_21' title="bbox 187 2564 1187 2665; baseline 0.009 -32"><span class='ocrx_word' id='word_1_126' title='bbox 187 2564 321 2655; x_wconf 84' lang='lat' dir='ltr'><strong>schola,</strong></span> <span class='ocrx_word' id='word_1_127' title='bbox 334 2590 443 2661; x_wconf 90' lang='lat' dir='ltr'><strong>seque</strong></span> <span class='ocrx_word' id='word_1_128' title='bbox 460 2564 566 2637; x_wconf 86' lang='lat' dir='ltr'><strong>luisse</strong></span> <span class='ocrx_word' id='word_1_129' title='bbox 577 2581 742 2637; x_wconf 90' lang='lat' dir='ltr'><strong>coactum</strong></span> <span class='ocrx_word' id='word_1_130' title='bbox 753 2591 796 2639; x_wconf 84' lang='lat' dir='ltr'><strong>ex</strong></span> <span class='ocrx_word' id='word_1_131' title='bbox 806 2565 950 2639; x_wconf 84' lang='lat' dir='ltr'><strong>arabico</strong></span> <span class='ocrx_word' id='word_1_132' title='bbox 962 2569 1000 2638; x_wconf 93' lang='lat' dir='ltr'><strong>in</strong></span> <span class='ocrx_word' id='word_1_133' title='bbox 1010 2568 1187 2665; x_wconf 85' lang='lat' dir='ltr'><strong>syriacum</strong></span> 
     </span>
     <span class='ocr_line' id='line_1_22' title="bbox 188 2671 1186 2772; baseline 0.007 -31"><span class='ocrx_word' id='word_1_134' title='bbox 188 2671 469 2745; x_wconf 87' lang='lat' dir='ltr'><strong>verterelibrum</strong></span> <span class='ocrx_word' id='word_1_135' title='bbox 487 2672 699 2764; x_wconf 87' lang='lat' dir='ltr'><strong>Dialecticae,</strong></span> <span class='ocrx_word' id='word_1_136' title='bbox 721 2675 806 2772; x_wconf 88' lang='lat' dir='ltr'><strong>quia</strong></span> <span class='ocrx_word' id='word_1_137' title='bbox 827 2689 988 2747; x_wconf 86' lang='lat' dir='ltr'><strong>veterum</strong></span> <span class='ocrx_word' id='word_1_138' title='bbox 1010 2675 1186 2748; x_wconf 88' lang='lat' dir='ltr'><strong>librorum</strong></span> 
     </span>
     <span class='ocr_line' id='line_1_23' title="bbox 187 2777 1186 2881; baseline 0.008 -33"><span class='ocrx_word' id='word_1_139' title='bbox 187 2777 519 2879; x_wconf 89' lang='lat' dir='ltr'><strong>philosophicorum</strong></span> <span class='ocrx_word' id='word_1_140' title='bbox 537 2781 655 2854; x_wconf 91' lang='lat' dir='ltr'><strong>nullus</strong></span> <span class='ocrx_word' id='word_1_141' title='bbox 670 2797 801 2881; x_wconf 86' lang='lat' dir='ltr'><strong>praesto</strong></span> <span class='ocrx_word' id='word_1_142' title='bbox 812 2797 900 2855; x_wconf 86' lang='lat' dir='ltr'><strong>erat.</strong></span> <span class='ocrx_word' id='word_1_143' title='bbox 914 2785 1049 2856; x_wconf 88' lang='lat' dir='ltr'><strong>Nostris</strong></span> <span class='ocrx_word' id='word_1_144' title='bbox 1066 2799 1186 2856; x_wconf 85' lang='lat' dir='ltr'><strong>tamen</strong></span> 
     </span>
     <span class='ocr_line' id='line_1_24' title="bbox 187 2885 1187 2989; baseline 0.008 -35"><span class='ocrx_word' id='word_1_145' title='bbox 187 2885 326 2975; x_wconf 77' lang='lat' dir='ltr'><strong>diebuS,</strong></span> <span class='ocrx_word' id='word_1_146' title='bbox 344 2887 546 2960; x_wconf 81' lang='lat' dir='ltr'><strong>Aristoteles</strong></span> <span class='ocrx_word' id='word_1_147' title='bbox 559 2889 679 2962; x_wconf 90' lang='lat' dir='ltr'><strong>adhuc</strong></span> <span class='ocrx_word' id='word_1_148' title='bbox 695 2891 818 2987; x_wconf 84' lang='lat' dir='ltr'><strong>logicae</strong></span> <span class='ocrx_word' id='word_1_149' title='bbox 834 2892 1004 2987; x_wconf 85' lang='lat' dir='ltr'><strong>magister</strong></span> <span class='ocrx_word' id='word_1_150' title='bbox 1021 2905 1074 2962; x_wconf 89' lang='lat' dir='ltr'><strong>est</strong></span> <span class='ocrx_word' id='word_1_151' title='bbox 1089 2891 1187 2989; x_wconf 88' lang='lat' dir='ltr'><strong>apud</strong></span> 
     </span>
     <span class='ocr_line' id='line_1_25' title="bbox 188 2993 1188 3096; baseline 0.008 -34"><span class='ocrx_word' id='word_1_152' title='bbox 188 2993 393 3082; x_wconf 81' lang='lat' dir='ltr'><strong>Chaldaeos,</strong></span> <span class='ocrx_word' id='word_1_153' title='bbox 407 3021 474 3066; x_wconf 87' lang='lat' dir='ltr'><strong>seu</strong></span> <span class='ocrx_word' id='word_1_154' title='bbox 487 2999 594 3091; x_wconf 88' lang='lat' dir='ltr'><strong>Syros</strong></span> <span class='ocrx_word' id='word_1_155' title='bbox 608 2998 816 3087; x_wconf 59' lang='lat' dir='ltr'><strong>orientalem</strong></span> <span class='ocrx_word' id='word_1_156' title='bbox 836 3024 1020 3095; x_wconf 89' lang='lat' dir='ltr'><strong>quumque</strong></span> <span class='ocrx_word' id='word_1_157' title='bbox 1039 3023 1188 3096; x_wconf 89' lang='lat' dir='ltr'><strong>percon·</strong></span> 
     </span>
     <span class='ocr_line' id='line_1_26' title="bbox 188 3103 1187 3201; baseline 0.009 -32"><span class='ocrx_word' id='word_1_158' title='bbox 188 3113 281 3171; x_wconf 85' lang='lat' dir='ltr'><strong>tarer</strong></span> <span class='ocrx_word' id='word_1_159' title='bbox 303 3127 327 3171; x_wconf 85' lang='lat' dir='ltr'><strong>a</strong></span> <span class='ocrx_word' id='word_1_160' title='bbox 354 3103 563 3198; x_wconf 86' lang='lat' dir='ltr'><strong>presbytero</strong></span> <span class='ocrx_word' id='word_1_161' title='bbox 592 3107 752 3201; x_wconf 88' lang='lat' dir='ltr'><strong>quodam</strong></span> <span class='ocrx_word' id='word_1_162' title='bbox 781 3107 889 3201; x_wconf 87' lang='lat' dir='ltr'><strong>hujus</strong></span> <span class='ocrx_word' id='word_1_163' title='bbox 920 3122 1024 3178; x_wconf 87' lang='lat' dir='ltr'><strong>sectae</strong></span> <span class='ocrx_word' id='word_1_164' title='bbox 1048 3108 1187 3179; x_wconf 88' lang='lat' dir='ltr'><strong>Parisiis</strong></span> 
     </span>
     <span class='ocr_line' id='line_1_27' title="bbox 189 3205 1188 3313; baseline 0.011 -38"><span class='ocrx_word' id='word_1_165' title='bbox 189 3205 408 3304; x_wconf 89' lang='lat' dir='ltr'><strong>hospitante,</strong></span> <span class='ocrx_word' id='word_1_166' title='bbox 434 3211 581 3306; x_wconf 86' lang='lat' dir='ltr'><strong>quinam</strong></span> <span class='ocrx_word' id='word_1_167' title='bbox 601 3210 682 3281; x_wconf 89' lang='lat' dir='ltr'><strong>libri</strong></span> <span class='ocrx_word' id='word_1_168' title='bbox 710 3215 888 3310; x_wconf 87' lang='lat' dir='ltr'><strong>praecipue</strong></span> <span class='ocrx_word' id='word_1_169' title='bbox 910 3215 947 3283; x_wconf 92' lang='lat' dir='ltr'><strong>in</strong></span> <span class='ocrx_word' id='word_1_170' title='bbox 966 3214 1097 3285; x_wconf 82' lang='lat' dir='ltr'><strong>scholis</strong></span> <span class='ocrx_word' id='word_1_171' title='bbox 1117 3233 1188 3313; x_wconf 73' lang='lat' dir='ltr'><strong>po—·</strong></span> 
     </span>
     <span class='ocr_line' id='line_1_28' title="bbox 188 3314 1188 3418; baseline 0.009 -34"><span class='ocrx_word' id='word_1_172' title='bbox 188 3314 370 3410; x_wconf 88' lang='lat' dir='ltr'><strong>pularium</strong></span> <span class='ocrx_word' id='word_1_173' title='bbox 387 3317 462 3412; x_wconf 87' lang='lat' dir='ltr'><strong>ejus</strong></span> <span class='ocrx_word' id='word_1_174' title='bbox 480 3318 559 3392; x_wconf 90' lang='lat' dir='ltr'><strong>usui</strong></span> <span class='ocrx_word' id='word_1_175' title='bbox 576 3333 710 3407; x_wconf 85' lang='lat' dir='ltr'><strong>essent,</strong></span> <span class='ocrx_word' id='word_1_176' title='bbox 731 3321 868 3418; x_wconf 81' lang='lat' dir='ltr'><strong>primus</strong></span> <span class='ocrx_word' id='word_1_177' title='bbox 883 3342 993 3418; x_wconf 84' lang='lat' dir='ltr'><strong>quem</strong></span> <span class='ocrx_word' id='word_1_178' title='bbox 1011 3346 1188 3393; x_wconf 84' lang='lat' dir='ltr'><strong>memora-</strong></span> 
     </span>
     <span class='ocr_line' id='line_1_29' title="bbox 190 3424 1188 3527; baseline 0.009 -34"><span class='ocrx_word' id='word_1_179' title='bbox 190 3424 238 3495; x_wconf 89' lang='lat' dir='ltr'><strong>vit</strong></span> <span class='ocrx_word' id='word_1_180' title='bbox 261 3424 326 3497; x_wconf 84' lang='lat' dir='ltr'><strong>suit</strong></span> <span class='ocrx_word' id='word_1_181' title='bbox 354 3431 508 3526; x_wconf 66' lang='lat' dir='ltr'><strong>bragogi,</strong></span> <span class='ocrx_word' id='word_1_182' title='bbox 541 3452 650 3525; x_wconf 90' lang='lat' dir='ltr'><strong>quem</strong></span> <span class='ocrx_word' id='word_1_183' title='bbox 671 3429 991 3527; x_wconf 83' lang='lat' dir='ltr'><strong>profundissimum</strong></span> <span class='ocrx_word' id='word_1_184' title='bbox 1019 3430 1188 3504; x_wconf 82' lang='lat' dir='ltr'><strong>dillicilli-</strong></span> 
     </span>
     <span class='ocr_line' id='line_1_30' title="bbox 190 3533 1188 3636; baseline 0.009 -35"><span class='ocrx_word' id='word_1_185' title='bbox 190 3555 361 3630; x_wconf 91' lang='lat' dir='ltr'><strong>mumque</strong></span> <span class='ocrx_word' id='word_1_186' title='bbox 398 3533 599 3609; x_wconf 84' lang='lat' dir='ltr'><strong>affirmabat</strong></span> <span class='ocrx_word' id='word_1_187' title='bbox 620 3594 628 3626; x_wconf 93' lang='lat'><strong>,</strong></span> <span class='ocrx_word' id='word_1_188' title='bbox 668 3536 750 3608; x_wconf 89' lang='lat' dir='ltr'><strong>dein</strong></span> <span class='ocrx_word' id='word_1_189' title='bbox 794 3544 969 3633; x_wconf 81' lang='lat' dir='ltr'><strong>Butyrum</strong></span> <span class='ocrx_word' id='word_1_190' title='bbox 1006 3541 1188 3636; x_wconf 59' lang='lat' dir='ltr'><strong>sapienetm</strong></span> 
     </span>
     <span class='ocr_line' id='line_1_31' title="bbox 191 3637 1187 3740; baseline 0.011 -35"><span class='ocrx_word' id='word_1_191' title='bbox 191 3637 400 3711; x_wconf 84' lang='lat' dir='ltr'><strong>Barhebraei.</strong></span> <span class='ocrx_word' id='word_1_192' title='bbox 423 3643 525 3740; x_wconf 78' lang='lat' dir='ltr'><strong>Apud</strong></span> <span class='ocrx_word' id='word_1_193' title='bbox 541 3647 673 3716; x_wconf 84' lang='lat' dir='ltr'><strong>Turcas</strong></span> <span class='ocrx_word' id='word_1_194' title='bbox 695 3659 826 3719; x_wconf 84' lang='lat' dir='ltr'><strong>nostrae</strong></span> <span class='ocrx_word' id='word_1_195' title='bbox 847 3647 958 3717; x_wconf 84' lang='lat' dir='ltr'><strong>aetatis</strong></span> <span class='ocrx_word' id='word_1_196' title='bbox 980 3671 1037 3718; x_wconf 82' lang='lat' dir='ltr'><strong>res</strong></span> <span class='ocrx_word' id='word_1_197' title='bbox 1057 3646 1187 3718; x_wconf 90' lang='lat' dir='ltr'><strong>eodem</strong></span> 
     </span>
    </p>
   </div>
   <div class='ocr_carea' id='block_1_4' title="bbox 229 3843 1070 4043">
    <p class='ocr_par' dir='ltr' id='par_1_4' title="bbox 229 3843 1070 4043">
     <span class='ocr_line' id='line_1_32' title="bbox 229 3843 1070 3931; baseline 0.011 -30"><span class='ocrx_word' id='word_1_198' title='bbox 229 3843 237 3875; x_wconf 88' lang='lat'>¹</span> <span class='ocrx_word' id='word_1_199' title='bbox 259 3849 383 3917; x_wconf 79' lang='lat' dir='ltr'><strong>Assem,</strong></span> <span class='ocrx_word' id='word_1_200' title='bbox 400 3851 491 3908; x_wconf 81' lang='lat' dir='ltr'><strong>Catal.</strong></span> <span class='ocrx_word' id='word_1_201' title='bbox 508 3854 589 3910; x_wconf 86' lang='lat' dir='ltr'><strong>codd.</strong></span> <span class='ocrx_word' id='word_1_202' title='bbox 604 3851 670 3908; x_wconf 86' lang='lat' dir='ltr'><strong>bibl.</strong></span> <span class='ocrx_word' id='word_1_203' title='bbox 686 3865 755 3921; x_wconf 69' lang='lat' dir='ltr'><strong>vac,</strong></span> <span class='ocrx_word' id='word_1_204' title='bbox 769 3864 789 3908; x_wconf 89' lang='lat' dir='ltr'><strong>t.</strong></span> <span class='ocrx_word' id='word_1_205' title='bbox 806 3856 863 3921; x_wconf 85' lang='lat' dir='ltr'><strong>ul,</strong></span> <span class='ocrx_word' id='word_1_206' title='bbox 879 3873 907 3931; x_wconf 88' lang='lat' dir='ltr'><strong>p.</strong></span> <span class='ocrx_word' id='word_1_207' title='bbox 922 3855 991 3922; x_wconf 80' lang='grc'>351,</span> <span class='ocrx_word' id='word_1_208' title='bbox 1007 3870 1070 3931; x_wconf 87' lang='lat' dir='ltr'><strong>sqq.</strong></span> 
     </span>
     <span class='ocr_line' id='line_1_33' title="bbox 230 3954 910 4043; baseline 0.013 -32"><span class='ocrx_word' id='word_1_209' title='bbox 230 3954 241 3988; x_wconf 77' lang='lat'><strong>¹</strong></span> <span class='ocrx_word' id='word_1_210' title='bbox 262 3956 335 4014; x_wconf 87' lang='lat' dir='ltr'><strong>Bibl.</strong></span> <span class='ocrx_word' id='word_1_211' title='bbox 353 3967 465 4035; x_wconf 63' lang='lat' dir='ltr'><strong>orient,</strong></span> <span class='ocrx_word' id='word_1_212' title='bbox 482 3976 501 4023; x_wconf 86' lang='lat' dir='ltr'><strong>t.</strong></span> <span class='ocrx_word' id='word_1_213' title='bbox 519 3967 575 4034; x_wconf 90' lang='lat'><strong>111,</strong></span> <span class='ocrx_word' id='word_1_214' title='bbox 592 3978 664 4042; x_wconf 86' lang='lat' dir='ltr'><strong>part.</strong></span> <span class='ocrx_word' id='word_1_215' title='bbox 682 3970 707 4036; x_wconf 90' lang='lat'><strong>1,</strong></span> <span class='ocrx_word' id='word_1_216' title='bbox 721 3985 750 4043; x_wconf 88' lang='lat' dir='ltr'><strong>p.</strong></span> <span class='ocrx_word' id='word_1_217' title='bbox 768 3967 910 4024; x_wconf 70' lang='lat'><strong>603-604.</strong></span> 
     </span>
    </p>
   </div>
   <div class='ocr_carea' id='block_1_5' title="bbox 0 0 1397 4776">
    <p class='ocr_par' dir='ltr' id='par_1_5' title="bbox 0 0 1397 4776">
     <span class='ocr_line' id='line_1_34' title="bbox 0 0 1397 4776; baseline 0 0"><span class='ocrx_word' id='word_1_218' title='bbox 0 0 1397 4776; x_wconf 95' lang='lat' dir='ltr'><strong> </strong></span> 
     </span>
    </p>
   </div>
  </div>
 </body>
</html>
