2768 4776
588 325 785 393 ..aa-

189 471 396 543 hominibus
422 472 646 544 innotuisset.
682 475 815 543 Contra
841 496 924 542 mox
958 470 1194 544 ostendemus

187 578 454 676 philosophiam
489 577 688 650 Barhebraei
705 577 930 674 aliorumque
948 581 1121 675 Syrorum
1139 605 1194 652 se·
1223 569 1227 580 ¹

187 686 291 757 rioris
298 687 421 772 aetatis,
434 688 496 782 qui
506 685 783 758 Arabumstudia
791 686 988 774 imitantur,
996 689 1193 785 imaginem

187 791 293 863 nobis
309 792 476 864 exhibere
494 793 702 889 posterioris
718 791 812 864 illius
830 792 1050 866 scholasticae
1066 795 1191 868 Albec-

80 937 86 945 ·
188 899 287 987 tinae,
312 900 556 988 Thomisticae,
586 902 644 972 cui
671 915 767 972 totus
800 900 1001 972 Aristoteles
1024 901 1193 974 manibus

189 1007 324 1077 teritur.
351 1008 546 1080 Aristotelis
571 1031 681 1104 opera
707 1022 838 1079 cuncta
855 1008 1096 1079 Orientalibus
1113 1034 1193 1080 non

188 1115 423 1187 innotuerunt
436 1117 506 1187 nisi
517 1139 587 1213 ope
597 1115 802 1186 versionum
811 1139 890 1211 quae
901 1140 938 1186 rx
951 1115 1080 1187 saeculo
1090 1114 1194 1189 factae

188 1235 289 1311 sunt,
321 1237 360 1292 ut
385 1220 675 1294 Occidentalibus
693 1246 815 1292 rursus
840 1246 906 1318 per·
924 1224 1106 1294 versiones
1129 1248 1194 1295 sae·

188 1328 271 1400 culo
297 1354 347 1400 x11
360 1328 551 1402 confectas.
572 1328 685 1426 quue
702 1328 811 1399 etiam
829 1320 1193 1403 animadvertendum

187 1437 296 1531 Syros
324 1435 536 1535 plerumque
561 1435 659 1507 libris
688 1437 772 1533 ipsis
806 1436 1002 1507 Aristotelis
1037 1451 1192 1535 antepo-

188 1546 298 1618 suisse
315 1560 483 1619 tractatus
502 1546 547 1618 ad
564 1548 676 1644 ipsius
693 1561 853 1617 mentem
872 1548 1111 1645 compositos,
1141 1548 1192 1618 si·

189 1653 428 1751 millimosque
460 1653 652 1725 dialecticis
688 1652 855 1743 Boethii,
890 1652 1122 1742 Cassiodori,
1154 1669 1193 1727 et

187 1762 382 1857 Categoriis
397 1761 836 1858 pseudo-Augustinianis,
850 1785 931 1857 quae
948 1775 1048 1831 tanto
1066 1761 1193 1835 lavore

186 1867 284 1964 apud
301 1870 444 1940 Latinos
461 1867 508 1939 ad
520 1893 568 1937 xn
586 1891 697 1962 usque
717 1866 885 1938 saeculum
900 1866 1189 1941 celebrabantur.

186 1977 265 2045 lmo
281 1975 349 2046 hos
366 1989 533 2047 tractatus
552 1976 699 2046 nomine
716 1974 911 2046 Aristotelis
928 1975 1190 2047 decorarenon

186 2082 414 2172 verebantur,
447 2097 486 2153 ut
517 2081 717 2153 scholastici
741 2107 986 2181 saepenumero
1004 2083 1188 2173 lecerunt,

186 2190 334 2286 quando
347 2189 581 2289 paraphrases
590 2215 634 2262 ex
642 2191 788 2263 arabico
799 2191 987 2279 translatae,
1005 2215 1085 2287 quae
1099 2192 1190 2265 Aris·

186 2298 304 2371 totelis
320 2291 534 2372 sententiam
549 2313 689 2372 tantum
707 2297 925 2386 referebant,
939 2300 1097 2395 primum
1114 2299 1189 2369 vul·

186 2422 274 2503 gatae
301 2424 395 2481 sunt.
417 2409 624 2505 Farragines
649 2409 704 2478 hae
728 2407 920 2479 dialecticae
942 2407 979 2476 in
1003 2406 1185 2481 codicibus

186 2516 329 2610 syriacis
349 2518 476 2615 saepius
498 2531 718 2589 occurrunt:
751 2539 947 2612 provocare
974 2513 1126 2586 sufficiat
1139 2512 1185 2587 'ad

186 2623 328 2694 codices
359 2625 572 2696 Vaticanum
603 2622 942 2711 247¹,ttediceu1n
969 2625 1052 2712 62²,
1090 2621 1189 2693 Pari.

186 2731 337 2800 siensern
358 2731 441 2802 tsst.
465 2732 602 2802 Eodem
628 2732 808 2828 pertinent
830 2731 1033 2801 rudimenta
1055 2729 1188 2802 dialec-

185 2838 262 2907 ticae
282 2839 415 2932 quaein
435 2839 673 2934 grammaticis
689 2838 833 2932 syriacis
851 2837 1030 2933 leguntur,
1043 2837 1189 2934 fereque

186 2967 229 3013 ex
242 2941 334 3014 libro
350 2948 423 3040 ssepi
442 2943 619 3041 εΕρμπηνείσις
634 2959 799 3042 excerpta
807 2960 1059 3028 ‘sunt,nccn0n
1076 2945 1190 3018 letica

184 3050 261 3139 illa,
291 3076 447 3146 quorum
477 3054 694 3149 praecipuum
718 3066 771 3122 est
799 3053 952 3124 Lexicon
980 3057 1096 3124 Josuae
1120 3058 1188 3125 Bar

186 3157 255 3245 Ali,
285 3183 417 3229 vocum
445 3156 776 3258 philosophicarum
801 3183 844 3231 ex
873 3184 987 3256 graeco
1016 3160 1188 3232 idiomate

185 3279 408 3363 sumptarum
431 3266 762 3364 interpretationem
780 3268 1009 3340 exhibentia'.

233 3374 304 3460 Qui
323 3389 625 3451 commentatores
642 3377 746 3472 graeci
764 3374 986 3474 peripatetici
1002 3374 1070 3445 hac
1085 3389 1188 3446 aetate

184 3481 369 3551 vetustiori
412 3481 648 3580 philosophiae
697 3485 840 3580 syriacae
881 3483 1010 3578 vulgati
1058 3483 1189 3554 fuerint

223 3660 232 3695 ¹
253 3668 379 3734 Assem„
395 3667 487 3722 Catal.
501 3668 582 3721 codd.
600 3665 667 3723 bibl.
682 3679 750 3736 vat,
767 3677 787 3720 t.
802 3668 860 3733 111,
877 3684 905 3741 p.
924 3666 992 3721 504.

224 3750 235 3783 ¹
254 3741 345 3808 Evod.
362 3756 487 3823 Assem„
505 3756 595 3812 Catal.
610 3757 691 3810 codd.
711 3752 776 3810 bibl.
793 3756 868 3809 med.
885 3758 1019 3821 laurent„
1033 3772 1062 3829 p.
1081 3754 1149 3810 107.

225 3840 289 3898 ³Cl.
306 3841 435 3899 codicem
449 3856 580 3902 nostrum
597 3848 668 3916 tat,
685 3843 789 3901 horum
799 3842 1003 3920 glossariorum
1019 3841 1186 3918 exemplum

185 3930 323 3993 eximium
338 3930 523 4008 praebentem.
