2768 4776
587 342 783 439 4³-
847 313 876 407 f

185 495 271 565 culis
297 519 333 562 rx
350 506 384 561 et
405 518 437 573 x,
463 491 507 560 ad
527 515 638 561 uuum
656 493 764 585 Syros
780 501 815 557 et
831 485 1046 557 christianos
1063 487 1181 579 luisse,

183 624 381 695 eorumque
410 601 589 670 versiones
620 623 639 667 e
670 597 809 691 syriaco
835 592 1046 692 plerumque
1078 594 1186 669 firme

184 709 314 794 sactas3
334 707 391 777 vix
409 730 520 777 unum
536 705 747 776 Moslemum
763 726 874 799 graece
887 701 1048 794 scivissc3
1168 750 1171 755 -

236 818 271 886 8⁰
289 821 315 885 Α
331 814 459 885 saeculo
479 842 523 903 x,
543 810 809 908 philosophiam
836 809 933 908 apud
957 806 1067 909 Syma
1086 832 1188 883 mar·

186 947 340 1010 cescere,
362 924 596 1019 ipsorumque
619 917 844 1015 disciplinam
861 917 1031 1017 deinceps
1043 942 1090 993 ex
1104 940 1188 992 ara-

186 1029 271 1100 bicis
288 1029 447 1100 lontibus
471 1050 547 1097 esse
569 1024 754 1113 haustam,
778 1039 886 1120 atque
916 1023 967 1095 ita
981 1024 1187 1099 ,Aristotelis

184 1160 292 1232 opera
313 1136 479 1205 universa
496 1133 532 1202 in
551 1156 677 1203 eorum
696 1156 824 1203 manus
842 1130 1002 1221 venisse;

235 1245 271 1313 9⁰
287 1244 413 1338 Syros,
434 1255 474 1310 ut
496 1254 659 1336 tempore
682 1240 730 1310 ita
752 1254 787 1310 et
809 1236 1012 1309 studiorum
1029 1239 1184 1330 ratione,

186 1348 306 1420 locum
324 1350 483 1420 medium
497 1364 620 1422 tenere
637 1349 728 1420 inter
741 1347 902 1419 scholam
918 1347 1188 1420 alexandrinam

181 1472 221 1546 ‚et
234 1456 507 1555 philosophiam¹
521 1456 721 1546 arabicam,
742 1458 792 1527 ita
810 1472 849 1527 ut
872 1480 936 1552 per
954 1480 1016 1528 eos
1040 1456 1085 1527 ab
1103 1457 1188 1528 ulti-

184 1567 252 1636 mis
266 1565 502 1663 philosophiae
520 1589 640 1660 graecae
653 1564 876 1662 temporibus
888 1564 934 1634 ad
949 1563 1186 1662 philosophos

186 1673 309 1745 arabas
325 1697 396 1743 una
413 1673 521 1744 series
536 1672 781 1744 continuetur.

232 1780 350 1851 Habes
362 1782 470 1875 Syros
483 1778 781 1877 philosophantes
797 1807 805 1849 :
823 1802 895 1875 qua
908 1780 945 1850 in
958 1803 997 1848 re
1008 1778 1187 1850 mehercle

186 1876 311 1957 eorum
327 1888 453 1958 merita
472 1902 511 1957 ut
523 1887 603 1984 plus
620 1912 730 1984 quam
748 1885 851 1959 decet
864 1885 1034 1959 extollere
1051 1887 1184 1979 nolim,

186 1995 234 2063 ita
264 2018 390 2062 eorum
417 1993 516 2062 laudi
551 1994 748 2089 quidquam
782 1994 969 2066 detrahere
998 1994 1186 2092 iudignum

187 2099 294 2169 duco.
328 2099 525 2169 Fatendum
558 2114 610 2170 est
648 2125 710 2171 eos
744 2102 888 2194 ingenio
919 2103 1068 2196 proprio
1097 2103 1187 2173 nihil

188 2206 420 2300 excogitasse,
431 2207 504 2277 imo
514 2230 633 2302 graecae
650 2208 831 2304 sapientiae
841 2208 1014 2277 universae
1031 2208 1187 2304 amplec-

188 2312 303 2384 tendae
327 2314 496 2411 impares,
521 2312 692 2410 angulum
715 2338 846 2402 unum,
880 2337 1034 2408 eumque
1059 2315 1126 2386 situ
1153 2332 1188 2387 et

188 2436 332 2517 aspectu
350 2422 585 2518 asperrimum
602 2447 644 2492 ex
661 2420 743 2508 illo,
764 2445 837 2516 quo
854 2420 1027 2518 spatiatur
1038 2423 1185 2512 Graecia,

188 2529 388 2599 vastissimo
417 2552 546 2624 campo
572 2527 817 2623 perlustrasse.
849 2526 978 2621 Logica
1005 2527 1102 2624 apud
1126 2552 1189 2598 eos

189 2659 261 2704 una
276 2651 328 2705 est
345 2650 381 2706 et
397 2649 473 2706 tota
487 2634 735 2732 philosophia,
753 2650 860 2731 atque
882 2658 949 2731 pro
968 2632 1027 2704 illa
1046 2634 1189 2730 amplis-

188 2744 276 2813 sima
286 2742 486 2840 disciplina,
502 2768 573 2839 qua
583 2759 744 2815 veterum
755 2744 899 2840 ingenia
910 2741 1134 2833 colebantur,
1150 2744 1189 2815 hi

189 2852 255 2921 nisi
280 2852 386 2924 tricas
412 2851 697 2942 dialecticorum,
724 2853 913 2924 nominum
939 2850 1185 2944 definitiones,

188 2962 382 3054 categorias
399 2961 589 3057 inaniaque
609 2960 785 3033 vocabula
803 2975 1001 3033 recantant.
1022 2965 1103 3031 Haec
1120 2960 1188 3033 fata

189 3065 286 3136 suere
307 3067 507 3137 studiorum
532 3070 782 3164 antiquorum,
807 3093 920 3164 quum
944 3068 1121 3139 devenere
1150 3069 1187 3138 in

190 3194 317 3241 manus
336 3172 527 3243 hominum
544 3177 755 3268 agrestium,
782 3176 843 3269 qui
865 3175 910 3245 ad
933 3176 1104 3271 pinguem
1121 3177 1189 3246 ui-

190 3303 336 3350 nervam
363 3279 514 3377 pulchra
542 3280 602 3351 illa
625 3281 770 3352 inventa
796 3282 1028 3380 adaptarunt,
1053 3283 1126 3354 lere
1150 3300 1188 3355 ut

190 3412 331 3484 gemma
346 3392 491 3485 antiqua
511 3413 552 3459 ac
571 3388 721 3478 nobilis,
742 3391 800 3460 cui
818 3390 915 3460 lovis
937 3403 997 3461 aut
1023 3388 1111 3462 alius
1126 3417 1188 3463 cu·

186 3497 297 3592 jusvis
327 3498 482 3566 numinis
508 3497 625 3592 imago
651 3496 827 3594 insculpta
852 3512 924 3585 est,
952 3496 1188 3571 barbarorum

191 3604 378 3673 hominum
392 3604 512 3700 praeda
525 3603 628 3692 facta,
645 3603 743 3676 bulla
754 3604 794 3676 fit
806 3605 1009 3695 infantium,
1024 3606 1188 3704 ludisque

192 3708 386 3805 puerilibus
429 3725 631 3808 usurpatur.
675 3713 790 3784 Habet
825 3712 983 3785 humana
1026 3715 1189 3787 doctrina

193 3818 285 3887 vices
304 3841 397 3906 suas,
424 3817 572 3914 fierique
591 3819 680 3890 solet
700 3835 738 3889 ut
758 3845 836 3915 quae
853 3844 1078 3890 summorum
1096 3823 1190 3896 viro·

192 3949 271 3994 rum
300 3924 441 4020 ingenio
467 3925 609 3997 fuerunt
634 3928 846 4022 excogitata,
877 3928 932 3998 vix
961 3929 1102 4025 capiant
1124 3929 1189 4002 ho·
