<?xml version="1.0" encoding="UTF-8"?>
<!DOCTYPE html PUBLIC "-//W3C//DTD XHTML 1.0 Transitional//EN"
    "http://www.w3.org/TR/xhtml1/DTD/xhtml1-transitional.dtd">
<html xmlns="http://www.w3.org/1999/xhtml" xml:lang="en" lang="en">
 <head>
  <title>
</title>
<meta http-equiv="Content-Type" content="text/html;charset=utf-8" />
  <meta name='ocr-system' content='tesseract 3.04.00' />
  <meta name='ocr-capabilities' content='ocr_page ocr_carea ocr_par ocr_line ocrx_word'/>
</head>
<body>
  <div class='ocr_page' id='page_1' title='image "./dephilosophiape00renagoog_0030.png"; bbox 0 0 2768 4776; ppageno 0'>
   <div class='ocr_carea' id='block_1_1' title="bbox 593 362 785 429">
    <p class='ocr_par' dir='ltr' id='par_1_1' title="bbox 593 362 785 429">
     <span class='ocr_line' id='line_1_1' title="bbox 593 362 785 429; baseline 0 -16"><span class='ocrx_word' id='word_1_1' title='bbox 593 362 785 429; x_wconf 76' lang='lat'>-19-</span> 
     </span>
    </p>
   </div>
   <div class='ocr_carea' id='block_1_2' title="bbox 183 506 1199 3287">
    <p class='ocr_par' dir='ltr' id='par_1_2' title="bbox 183 506 1199 2861">
     <span class='ocr_line' id='line_1_2' title="bbox 183 506 1192 605; baseline 0.006 -27"><span class='ocrx_word' id='word_1_2' title='bbox 183 506 276 578; x_wconf 89' lang='lat' dir='ltr'>bitas</span> <span class='ocrx_word' id='word_1_3' title='bbox 294 506 371 577; x_wconf 87' lang='lat' dir='ltr'>lose</span> <span class='ocrx_word' id='word_1_4' title='bbox 387 508 494 579; x_wconf 77' lang='lat' dir='ltr'><strong>refert</strong></span> <span class='ocrx_word' id='word_1_5' title='bbox 515 507 680 603; x_wconf 78' lang='lat' dir='ltr'>Agathias</span> <span class='ocrx_word' id='word_1_6' title='bbox 695 509 716 577; x_wconf 87' lang='lat'>¹.</span> <span class='ocrx_word' id='word_1_7' title='bbox 748 509 820 577; x_wconf 85' lang='lat' dir='ltr'>Rex</span> <span class='ocrx_word' id='word_1_8' title='bbox 838 529 969 605; x_wconf 82' lang='lat' dir='ltr'><strong>nempe</strong></span> <span class='ocrx_word' id='word_1_9' title='bbox 987 522 1028 579; x_wconf 89' lang='lat' dir='ltr'>ut</span> <span class='ocrx_word' id='word_1_10' title='bbox 1050 510 1192 583; x_wconf 85' lang='lat' dir='ltr'>animos</span> 
     </span>
     <span class='ocr_line' id='line_1_3' title="bbox 183 610 1194 707; baseline 0.004 -22"><span class='ocrx_word' id='word_1_11' title='bbox 183 628 379 703; x_wconf 84' lang='lat' dir='ltr'>recrearet,</span> <span class='ocrx_word' id='word_1_12' title='bbox 406 638 529 686; x_wconf 88' lang='lat' dir='ltr'>coram</span> <span class='ocrx_word' id='word_1_13' title='bbox 557 636 596 687; x_wconf 87' lang='lat' dir='ltr'>se</span> <span class='ocrx_word' id='word_1_14' title='bbox 617 610 767 707; x_wconf 87' lang='lat' dir='ltr'>jubebat</span> <span class='ocrx_word' id='word_1_15' title='bbox 790 610 987 685; x_wconf 82' lang='lat' dir='ltr'>catholicos</span> <span class='ocrx_word' id='word_1_16' title='bbox 1007 629 1043 685; x_wconf 89' lang='lat' dir='ltr'>et</span> <span class='ocrx_word' id='word_1_17' title='bbox 1069 619 1194 689; x_wconf 88' lang='lat' dir='ltr'>Nesto-</span> 
     </span>
     <span class='ocr_line' id='line_1_4' title="bbox 183 720 1194 819; baseline 0.004 -27"><span class='ocrx_word' id='word_1_18' title='bbox 183 722 307 793; x_wconf 88' lang='lat' dir='ltr'>rianos</span> <span class='ocrx_word' id='word_1_19' title='bbox 335 721 529 819; x_wconf 81' lang='lat' dir='ltr'>congredi,</span> <span class='ocrx_word' id='word_1_20' title='bbox 562 720 783 817; x_wconf 83' lang='lat' dir='ltr'>ancipitique</span> <span class='ocrx_word' id='word_1_21' title='bbox 806 721 963 792; x_wconf 82' lang='lat' dir='ltr'>victoriae</span> <span class='ocrx_word' id='word_1_22' title='bbox 988 721 1194 796; x_wconf 89' lang='lat' dir='ltr'>discrimine</span> 
     </span>
     <span class='ocr_line' id='line_1_5' title="bbox 186 826 1195 926; baseline 0.004 -27"><span class='ocrx_word' id='word_1_23' title='bbox 186 828 392 924; x_wconf 85' lang='lat' dir='ltr'>gaudebat¹.</span> <span class='ocrx_word' id='word_1_24' title='bbox 416 828 642 901; x_wconf 81' lang='lat' dir='ltr'>Aristotelem</span> <span class='ocrx_word' id='word_1_25' title='bbox 657 826 791 896; x_wconf 89' lang='lat' dir='ltr'>horum</span> <span class='ocrx_word' id='word_1_26' title='bbox 808 826 1010 900; x_wconf 86' lang='lat' dir='ltr'>studiorum</span> <span class='ocrx_word' id='word_1_27' title='bbox 1023 828 1062 899; x_wconf 92' lang='lat' dir='ltr'>in</span> <span class='ocrx_word' id='word_1_28' title='bbox 1077 831 1195 926; x_wconf 86' lang='lat' dir='ltr'>logica</span> 
     </span>
     <span class='ocr_line' id='line_1_6' title="bbox 186 932 1196 1035; baseline 0 -26"><span class='ocrx_word' id='word_1_29' title='bbox 186 936 292 1009; x_wconf 81' lang='lat' dir='ltr'>fuisse</span> <span class='ocrx_word' id='word_1_30' title='bbox 307 938 519 1033; x_wconf 82' lang='lat' dir='ltr'>magistrum</span> <span class='ocrx_word' id='word_1_31' title='bbox 537 956 651 1005; x_wconf 87' lang='lat' dir='ltr'>nemo</span> <span class='ocrx_word' id='word_1_32' title='bbox 666 956 742 1003; x_wconf 92' lang='lat' dir='ltr'>non</span> <span class='ocrx_word' id='word_1_33' title='bbox 754 932 931 1030; x_wconf 86' lang='lat' dir='ltr'>intelligit.</span> <span class='ocrx_word' id='word_1_34' title='bbox 952 938 1067 1033; x_wconf 85' lang='lat' dir='ltr'>Ipsius</span> <span class='ocrx_word' id='word_1_35' title='bbox 1084 960 1196 1035; x_wconf 84' lang='lat' dir='ltr'>opera</span> 
     </span>
     <span class='ocr_line' id='line_1_7' title="bbox 185 1036 1197 1145; baseline 0.003 -30"><span class='ocrx_word' id='word_1_36' title='bbox 185 1044 323 1143; x_wconf 88' lang='lat' dir='ltr'>persice</span> <span class='ocrx_word' id='word_1_37' title='bbox 335 1043 555 1113; x_wconf 88' lang='lat' dir='ltr'>fuisseversa</span> <span class='ocrx_word' id='word_1_38' title='bbox 563 1036 1078 1137; x_wconf 70' lang='lat' dir='ltr'>colligiturexh&#39;gathiaeverhis</span> <span class='ocrx_word' id='word_1_39' title='bbox 1087 1068 1197 1145; x_wconf 85' lang='lat' dir='ltr'>supra</span> 
     </span>
     <span class='ocr_line' id='line_1_8' title="bbox 183 1145 1197 1247; baseline 0.001 -24"><span class='ocrx_word' id='word_1_40' title='bbox 183 1151 357 1239; x_wconf 88' lang='lat' dir='ltr'>laudatis,</span> <span class='ocrx_word' id='word_1_41' title='bbox 372 1172 454 1245; x_wconf 83' lang='lat' dir='ltr'>quae</span> <span class='ocrx_word' id='word_1_42' title='bbox 466 1146 540 1219; x_wconf 86' lang='lat' dir='ltr'>fere</span> <span class='ocrx_word' id='word_1_43' title='bbox 551 1145 717 1219; x_wconf 84' lang='lat' dir='ltr'>exscribit</span> <span class='ocrx_word' id='word_1_44' title='bbox 730 1145 858 1219; x_wconf 86' lang='lat' dir='ltr'>Suidas</span> <span class='ocrx_word' id='word_1_45' title='bbox 870 1147 921 1244; x_wconf 82' lang='lat' dir='ltr'>(v.</span> <span class='ocrx_word' id='word_1_46' title='bbox 937 1151 1099 1247; x_wconf 80' lang='grc' dir='ltr'>Χοσρόης).</span> <span class='ocrx_word' id='word_1_47' title='bbox 1114 1156 1197 1225; x_wconf 87' lang='lat' dir='ltr'>Cre·</span> 
     </span>
     <span class='ocr_line' id='line_1_9' title="bbox 186 1251 1196 1354; baseline 0.004 -26"><span class='ocrx_word' id='word_1_48' title='bbox 186 1257 248 1329; x_wconf 90' lang='lat' dir='ltr'>det</span> <span class='ocrx_word' id='word_1_49' title='bbox 268 1258 334 1354; x_wconf 91' lang='lat' dir='ltr'>qui</span> <span class='ocrx_word' id='word_1_50' title='bbox 348 1254 536 1328; x_wconf 78' lang='lat' dir='ltr'>voluerit⁸.</span> <span class='ocrx_word' id='word_1_51' title='bbox 562 1251 745 1324; x_wconf 79' lang='lat' dir='ltr'>Habemus</span> <span class='ocrx_word' id='word_1_52' title='bbox 766 1269 887 1326; x_wconf 89' lang='lat' dir='ltr'>autem</span> <span class='ocrx_word' id='word_1_53' title='bbox 906 1254 1040 1328; x_wconf 91' lang='lat' dir='ltr'>horum</span> <span class='ocrx_word' id='word_1_54' title='bbox 1057 1260 1196 1333; x_wconf 90' lang='lat' dir='ltr'>studio·</span> 
     </span>
     <span class='ocr_line' id='line_1_10' title="bbox 186 1360 1197 1465; baseline 0.009 -33"><span class='ocrx_word' id='word_1_55' title='bbox 186 1388 269 1434; x_wconf 92' lang='lat' dir='ltr'>rum</span> <span class='ocrx_word' id='word_1_56' title='bbox 292 1364 432 1461; x_wconf 85' lang='lat' dir='ltr'>insigne</span> <span class='ocrx_word' id='word_1_57' title='bbox 450 1386 492 1435; x_wconf 89' lang='lat' dir='ltr'>ac</span> <span class='ocrx_word' id='word_1_58' title='bbox 508 1360 755 1434; x_wconf 81' lang='lat' dir='ltr'>inaestimabile</span> <span class='ocrx_word' id='word_1_59' title='bbox 774 1380 1074 1453; x_wconf 87' lang='lat' dir='ltr'>monumentum,</span> <span class='ocrx_word' id='word_1_60' title='bbox 1096 1367 1197 1465; x_wconf 89' lang='lat' dir='ltr'>quod</span> 
     </span>
     <span class='ocr_line' id='line_1_11' title="bbox 188 1468 1194 1563; baseline 0.008 -23"><span class='ocrx_word' id='word_1_61' title='bbox 188 1470 294 1543; x_wconf 85' lang='lat' dir='ltr'>nobis</span> <span class='ocrx_word' id='word_1_62' title='bbox 327 1470 482 1543; x_wconf 87' lang='lat' dir='ltr'>servavit</span> <span class='ocrx_word' id='word_1_63' title='bbox 514 1468 629 1540; x_wconf 84' lang='lat' dir='ltr'>codex</span> <span class='ocrx_word' id='word_1_64' title='bbox 666 1471 787 1545; x_wconf 75' lang='grc'><strong>14666</strong></span> <span class='ocrx_word' id='word_1_65' title='bbox 821 1474 936 1545; x_wconf 83' lang='lat' dir='ltr'>Musei</span> <span class='ocrx_word' id='word_1_66' title='bbox 976 1473 1194 1563; x_wconf 82' lang='lat' dir='ltr'>Britannici,</span> 
     </span>
     <span class='ocr_line' id='line_1_12' title="bbox 188 1576 1198 1680; baseline 0.007 -33"><span class='ocrx_word' id='word_1_67' title='bbox 188 1576 275 1648; x_wconf 93' lang='lat' dir='ltr'>olim</span> <span class='ocrx_word' id='word_1_68' title='bbox 288 1580 324 1649; x_wconf 92' lang='lat' dir='ltr'>S.</span> <span class='ocrx_word' id='word_1_69' title='bbox 344 1578 463 1651; x_wconf 84' lang='lat' dir='ltr'>lllariae</span> <span class='ocrx_word' id='word_1_70' title='bbox 480 1577 664 1674; x_wconf 88' lang='lat' dir='ltr'>Deiparae;</span> <span class='ocrx_word' id='word_1_71' title='bbox 684 1578 867 1675; x_wconf 87' lang='lat' dir='ltr'>epitomen</span> <span class='ocrx_word' id='word_1_72' title='bbox 891 1579 976 1653; x_wconf 89' lang='lat' dir='ltr'>dico</span> <span class='ocrx_word' id='word_1_73' title='bbox 992 1580 1116 1678; x_wconf 83' lang='lat' dir='ltr'>lngicae</span> <span class='ocrx_word' id='word_1_74' title='bbox 1131 1608 1198 1680; x_wconf 92' lang='lat' dir='ltr'>pe-</span> 
     </span>
     <span class='ocr_line' id='line_1_13' title="bbox 186 1685 1198 1783; baseline 0.008 -29"><span class='ocrx_word' id='word_1_75' title='bbox 186 1686 378 1783; x_wconf 87' lang='lat' dir='ltr'>ripateticae</span> <span class='ocrx_word' id='word_1_76' title='bbox 387 1685 489 1783; x_wconf 89' lang='lat' dir='ltr'>quod</span> <span class='ocrx_word' id='word_1_77' title='bbox 505 1686 658 1756; x_wconf 89' lang='lat' dir='ltr'>Chosroi</span> <span class='ocrx_word' id='word_1_78' title='bbox 674 1685 806 1758; x_wconf 87' lang='lat' dir='ltr'>obtulit</span> <span class='ocrx_word' id='word_1_79' title='bbox 821 1685 951 1759; x_wconf 88' lang='lat' dir='ltr'>Paulus</span> <span class='ocrx_word' id='word_1_80' title='bbox 968 1692 1088 1780; x_wconf 87' lang='lat' dir='ltr'>Persa,</span> <span class='ocrx_word' id='word_1_81' title='bbox 1104 1714 1198 1762; x_wconf 89' lang='lat' dir='ltr'>unus</span> 
     </span>
     <span class='ocr_line' id='line_1_14' title="bbox 186 1792 1197 1892; baseline 0.005 -28"><span class='ocrx_word' id='word_1_82' title='bbox 186 1817 229 1864; x_wconf 84' lang='lat' dir='ltr'>ex</span> <span class='ocrx_word' id='word_1_83' title='bbox 254 1794 311 1866; x_wconf 89' lang='lat' dir='ltr'>his</span> <span class='ocrx_word' id='word_1_84' title='bbox 341 1794 561 1865; x_wconf 87' lang='lat' dir='ltr'>Nestorianis</span> <span class='ocrx_word' id='word_1_85' title='bbox 593 1794 656 1889; x_wconf 86' lang='lat' dir='ltr'>qui</span> <span class='ocrx_word' id='word_1_86' title='bbox 685 1794 776 1887; x_wconf 81' lang='lat' dir='ltr'>regis</span> <span class='ocrx_word' id='word_1_87' title='bbox 800 1792 945 1866; x_wconf 90' lang='lat' dir='ltr'>barbari</span> <span class='ocrx_word' id='word_1_88' title='bbox 976 1796 1197 1892; x_wconf 88' lang='lat' dir='ltr'>majestatem</span> 
     </span>
     <span class='ocr_line' id='line_1_15' title="bbox 186 1900 1199 2002; baseline 0.005 -30"><span class='ocrx_word' id='word_1_89' title='bbox 186 1904 306 1997; x_wconf 79' lang='lat' dir='ltr'>graecis</span> <span class='ocrx_word' id='word_1_90' title='bbox 337 1902 475 1974; x_wconf 85' lang='lat' dir='ltr'>artibus</span> <span class='ocrx_word' id='word_1_91' title='bbox 508 1900 729 1973; x_wconf 85' lang='lat' dir='ltr'>recreabant.</span> <span class='ocrx_word' id='word_1_92' title='bbox 769 1902 997 1975; x_wconf 72' lang='lat' dir='ltr'>liar-hebraeus</span> <span class='ocrx_word' id='word_1_93' title='bbox 1028 1907 1199 2002; x_wconf 85' lang='lat' dir='ltr'>cognovit</span> 
     </span>
     <span class='ocr_line' id='line_1_16' title="bbox 185 2008 1198 2108; baseline 0.008 -30"><span class='ocrx_word' id='word_1_94' title='bbox 185 2012 258 2082; x_wconf 89' lang='lat' dir='ltr'>hoo</span> <span class='ocrx_word' id='word_1_95' title='bbox 283 2035 375 2108; x_wconf 91' lang='lat' dir='ltr'>opus</span> <span class='ocrx_word' id='word_1_96' title='bbox 392 2010 510 2108; x_wconf 87' lang='lat' dir='ltr'>pretio</span> <span class='ocrx_word' id='word_1_97' title='bbox 540 2008 733 2103; x_wconf 86' lang='lat' dir='ltr'>singulare,</span> <span class='ocrx_word' id='word_1_98' title='bbox 768 2009 868 2106; x_wconf 90' lang='lat' dir='ltr'>quod</span> <span class='ocrx_word' id='word_1_99' title='bbox 897 2010 944 2081; x_wconf 90' lang='lat' dir='ltr'>ab</span> <span class='ocrx_word' id='word_1_100' title='bbox 973 2036 1018 2083; x_wconf 87' lang='lat' dir='ltr'>eo</span> <span class='ocrx_word' id='word_1_101' title='bbox 1049 2028 1198 2086; x_wconf 88' lang='lat' dir='ltr'>vocatur</span> 
     </span>
     <span class='ocr_line' id='line_1_17' title="bbox 188 2116 1198 2217; baseline 0.007 -31"><span class='ocrx_word' id='word_1_102' title='bbox 188 2117 407 2189; x_wconf 79' lang='lat' dir='ltr'>Intmdrwtio</span> <span class='ocrx_word' id='word_1_103' title='bbox 423 2116 599 2187; x_wconf 80' lang='lat' dir='ltr'>mirabilis</span> <span class='ocrx_word' id='word_1_104' title='bbox 614 2119 652 2186; x_wconf 85' lang='lat' dir='ltr'>in</span> <span class='ocrx_word' id='word_1_105' title='bbox 672 2117 917 2205; x_wconf 72' lang='lat' dir='ltr'>Dablectieum,</span> <span class='ocrx_word' id='word_1_106' title='bbox 934 2118 1105 2217; x_wconf 89' lang='lat' dir='ltr'>idemque</span> <span class='ocrx_word' id='word_1_107' title='bbox 1117 2146 1198 2193; x_wconf 88' lang='lat' dir='ltr'>nar·</span> 
     </span>
     <span class='ocr_line' id='line_1_18' title="bbox 189 2224 1197 2322; baseline 0.005 -28"><span class='ocrx_word' id='word_1_108' title='bbox 189 2240 242 2297; x_wconf 88' lang='lat' dir='ltr'>rat</span> <span class='ocrx_word' id='word_1_109' title='bbox 254 2225 404 2298; x_wconf 89' lang='lat' dir='ltr'>Paulum</span> <span class='ocrx_word' id='word_1_110' title='bbox 417 2239 596 2314; x_wconf 86' lang='lat' dir='ltr'>nostrum,</span> <span class='ocrx_word' id='word_1_111' title='bbox 611 2249 725 2321; x_wconf 89' lang='lat' dir='ltr'>quum</span> <span class='ocrx_word' id='word_1_112' title='bbox 738 2224 1019 2322; x_wconf 88' lang='lat' dir='ltr'>patriarchatum</span> <span class='ocrx_word' id='word_1_113' title='bbox 1036 2226 1197 2299; x_wconf 90' lang='lat' dir='ltr'>christia·</span> 
     </span>
     <span class='ocr_line' id='line_1_19' title="bbox 189 2333 1198 2431; baseline 0.006 -28"><span class='ocrx_word' id='word_1_114' title='bbox 189 2357 321 2406; x_wconf 91' lang='lat' dir='ltr'>norum</span> <span class='ocrx_word' id='word_1_115' title='bbox 338 2333 567 2405; x_wconf 88' lang='lat' dir='ltr'>orientalium</span> <span class='ocrx_word' id='word_1_116' title='bbox 581 2333 774 2428; x_wconf 90' lang='lat' dir='ltr'>impetrare</span> <span class='ocrx_word' id='word_1_117' title='bbox 786 2356 861 2403; x_wconf 92' lang='lat' dir='ltr'>non</span> <span class='ocrx_word' id='word_1_118' title='bbox 873 2333 1068 2431; x_wconf 87' lang='lat' dir='ltr'>potuisset,</span> <span class='ocrx_word' id='word_1_119' title='bbox 1086 2333 1198 2409; x_wconf 87' lang='lat' dir='ltr'>fidem</span> 
     </span>
     <span class='ocr_line' id='line_1_20' title="bbox 187 2438 1196 2537; baseline 0.001 -25"><span class='ocrx_word' id='word_1_120' title='bbox 187 2440 421 2513; x_wconf 88' lang='lat' dir='ltr'>christianam</span> <span class='ocrx_word' id='word_1_121' title='bbox 446 2438 646 2536; x_wconf 84' lang='lat' dir='ltr'>abjurasse,</span> <span class='ocrx_word' id='word_1_122' title='bbox 674 2453 709 2509; x_wconf 92' lang='lat' dir='ltr'>et</span> <span class='ocrx_word' id='word_1_123' title='bbox 728 2453 831 2511; x_wconf 86' lang='lat' dir='ltr'>sectae</span> <span class='ocrx_word' id='word_1_124' title='bbox 851 2462 1040 2537; x_wconf 84' lang='lat' dir='ltr'>magorum</span> <span class='ocrx_word' id='word_1_125' title='bbox 1061 2464 1196 2513; x_wconf 87' lang='lat' dir='ltr'>nomen</span> 
     </span>
     <span class='ocr_line' id='line_1_21' title="bbox 188 2546 1197 2647; baseline 0.002 -29"><span class='ocrx_word' id='word_1_126' title='bbox 188 2548 332 2621; x_wconf 86' lang='lat' dir='ltr'>dedisse</span> <span class='ocrx_word' id='word_1_127' title='bbox 345 2550 368 2618; x_wconf 72' lang='lat'>⁸.</span> <span class='ocrx_word' id='word_1_128' title='bbox 395 2548 505 2647; x_wconf 85' lang='lat' dir='ltr'>Operi</span> <span class='ocrx_word' id='word_1_129' title='bbox 535 2548 716 2646; x_wconf 71' lang='lat' dir='ltr'>praemissa</span> <span class='ocrx_word' id='word_1_130' title='bbox 748 2563 801 2618; x_wconf 89' lang='lat' dir='ltr'>est</span> <span class='ocrx_word' id='word_1_131' title='bbox 820 2546 979 2646; x_wconf 74' lang='lat' dir='ltr'>praefatio</span> <span class='ocrx_word' id='word_1_132' title='bbox 1004 2550 1197 2621; x_wconf 87' lang='lat' dir='ltr'>sentcntia-</span> 
     </span>
     <span class='ocr_line' id='line_1_22' title="bbox 189 2654 1197 2755; baseline 0.002 -30"><span class='ocrx_word' id='word_1_133' title='bbox 189 2680 273 2727; x_wconf 89' lang='lat' dir='ltr'>rum</span> <span class='ocrx_word' id='word_1_134' title='bbox 297 2656 470 2751; x_wconf 79' lang='lat' dir='ltr'>gravitate</span> <span class='ocrx_word' id='word_1_135' title='bbox 493 2654 639 2745; x_wconf 88' lang='lat' dir='ltr'>nobilis,</span> <span class='ocrx_word' id='word_1_136' title='bbox 658 2656 760 2752; x_wconf 90' lang='lat' dir='ltr'>cujus</span> <span class='ocrx_word' id='word_1_137' title='bbox 776 2654 838 2727; x_wconf 94' lang='lat' dir='ltr'>hic</span> <span class='ocrx_word' id='word_1_138' title='bbox 861 2680 1030 2755; x_wconf 84' lang='lat' dir='ltr'>magnam</span> <span class='ocrx_word' id='word_1_139' title='bbox 1056 2672 1197 2755; x_wconf 90' lang='lat' dir='ltr'>partem</span> 
     </span>
     <span class='ocr_line' id='line_1_23' title="bbox 190 2760 783 2861; baseline 0.002 -29"><span class='ocrx_word' id='word_1_140' title='bbox 190 2760 299 2833; x_wconf 88' lang='lat' dir='ltr'>latine</span> <span class='ocrx_word' id='word_1_141' title='bbox 311 2786 455 2834; x_wconf 86' lang='lat' dir='ltr'>versam</span> <span class='ocrx_word' id='word_1_142' title='bbox 471 2786 656 2861; x_wconf 88' lang='lat' dir='ltr'>apponere</span> <span class='ocrx_word' id='word_1_143' title='bbox 672 2761 783 2835; x_wconf 89' lang='lat' dir='ltr'>lubet.</span> 
     </span>
    </p>

    <p class='ocr_par' dir='ltr' id='par_1_3' title="bbox 191 2870 1199 3078">
     <span class='ocr_line' id='line_1_24' title="bbox 242 2870 1199 2970; baseline 0.006 -33"><span class='ocrx_word' id='word_1_144' title='bbox 242 2872 400 2941; x_wconf 75' lang='lat' dir='ltr'>«Sermo</span> <span class='ocrx_word' id='word_1_145' title='bbox 422 2873 634 2967; x_wconf 73' lang='lat' dir='ltr'>compotitur</span> <span class='ocrx_word' id='word_1_146' title='bbox 657 2896 682 2940; x_wconf 84' lang='lat' dir='ltr'>n</span> <span class='ocrx_word' id='word_1_147' title='bbox 696 2870 812 2941; x_wconf 86' lang='lat' dir='ltr'>Paulo</span> <span class='ocrx_word' id='word_1_148' title='bbox 843 2876 955 2943; x_wconf 85' lang='lat' dir='ltr'>Persa</span> <span class='ocrx_word' id='word_1_149' title='bbox 981 2898 1090 2970; x_wconf 82' lang='lat' dir='ltr'>snper·</span> <span class='ocrx_word' id='word_1_150' title='bbox 1111 2899 1199 2969; x_wconf 83' lang='lat' dir='ltr'>opus</span> 
     </span>
     <span class='ocr_line' id='line_1_25' title="bbox 191 2978 1193 3078; baseline 0 -30"><span class='ocrx_word' id='word_1_151' title='bbox 191 2978 340 3076; x_wconf 78' lang='lat' dir='ltr'>logt‘eum</span> <span class='ocrx_word' id='word_1_152' title='bbox 351 2978 780 3077; x_wconf 74' lang='lat' dir='ltr'>Aristotelitpltilorophi,</span> <span class='ocrx_word' id='word_1_153' title='bbox 795 2978 846 3049; x_wconf 80' lang='lat' dir='ltr'>ad</span> <span class='ocrx_word' id='word_1_154' title='bbox 854 3005 973 3078; x_wconf 81' lang='lat' dir='ltr'>regem</span> <span class='ocrx_word' id='word_1_155' title='bbox 990 2980 1193 3051; x_wconf 79' lang='lat' dir='ltr'>Cherroem.</span> 
     </span>
    </p>

    <p class='ocr_par' dir='ltr' id='par_1_4' title="bbox 193 3086 1197 3287">
     <span class='ocr_line' id='line_1_26' title="bbox 243 3086 1197 3183; baseline 0.002 -31"><span class='ocrx_word' id='word_1_156' title='bbox 243 3090 471 3158; x_wconf 75' lang='lat' dir='ltr'>«Fortunato</span> <span class='ocrx_word' id='word_1_157' title='bbox 489 3086 656 3176; x_wconf 87' lang='lat' dir='ltr'>Chosroi,</span> <span class='ocrx_word' id='word_1_158' title='bbox 672 3089 747 3183; x_wconf 86' lang='lat' dir='ltr'>regi</span> <span class='ocrx_word' id='word_1_159' title='bbox 762 3111 900 3181; x_wconf 86' lang='lat' dir='ltr'>regum,</span> <span class='ocrx_word' id='word_1_160' title='bbox 921 3088 1061 3183; x_wconf 90' lang='lat' dir='ltr'>optimo</span> <span class='ocrx_word' id='word_1_161' title='bbox 1078 3087 1197 3156; x_wconf 84' lang='lat' dir='ltr'>honri·</span> 
     </span>
     <span class='ocr_line' id='line_1_27' title="bbox 193 3191 1195 3287; baseline -0.002 -25"><span class='ocrx_word' id='word_1_162' title='bbox 193 3218 304 3283; x_wconf 88' lang='lat' dir='ltr'>num,</span> <span class='ocrx_word' id='word_1_163' title='bbox 330 3192 459 3266; x_wconf 89' lang='lat' dir='ltr'>Paulus</span> <span class='ocrx_word' id='word_1_164' title='bbox 482 3219 604 3266; x_wconf 82' lang='lat' dir='ltr'>servus</span> <span class='ocrx_word' id='word_1_165' title='bbox 630 3208 724 3279; x_wconf 91' lang='lat' dir='ltr'>tuus,</span> <span class='ocrx_word' id='word_1_166' title='bbox 755 3192 918 3264; x_wconf 89' lang='lat' dir='ltr'>salutem.</span> <span class='ocrx_word' id='word_1_167' title='bbox 954 3191 1195 3287; x_wconf 86' lang='lat' dir='ltr'>Philosophia,</span> 
     </span>
    </p>
   </div>
   <div class='ocr_carea' id='block_1_3' title="bbox 191 3424 1202 4043">
    <p class='ocr_par' dir='ltr' id='par_1_5' title="bbox 233 3424 1030 3507">
     <span class='ocr_line' id='line_1_28' title="bbox 233 3424 1030 3507; baseline -0.008 -20"><span class='ocrx_word' id='word_1_168' title='bbox 233 3432 242 3463; x_wconf 86' lang='lat'><strong>¹</strong></span> <span class='ocrx_word' id='word_1_169' title='bbox 262 3425 427 3507; x_wconf 84' lang='lat' dir='ltr'>Lib.11,p.</span> <span class='ocrx_word' id='word_1_170' title='bbox 446 3430 496 3499; x_wconf 78' lang='grc'>67,</span> <span class='ocrx_word' id='word_1_171' title='bbox 513 3446 577 3505; x_wconf 84' lang='lat' dir='ltr'>sqq.</span> <span class='ocrx_word' id='word_1_172' title='bbox 595 3430 644 3484; x_wconf 77' lang='lat' dir='ltr'>ll.</span> <span class='ocrx_word' id='word_1_173' title='bbox 661 3459 701 3469; x_wconf 92' lang='lat'><em>-</em></span> <span class='ocrx_word' id='word_1_174' title='bbox 713 3424 827 3493; x_wconf 62' lang='lat' dir='ltr'>Sffldm,</span> <span class='ocrx_word' id='word_1_175' title='bbox 843 3446 870 3484; x_wconf 90' lang='lat' dir='ltr'>v.</span> <span class='ocrx_word' id='word_1_176' title='bbox 887 3425 1030 3503; x_wconf 78' lang='grc' dir='ltr'>Οὐράνιος.</span> 
     </span>
    </p>

    <p class='ocr_par' dir='ltr' id='par_1_6' title="bbox 231 3516 760 3597">
     <span class='ocr_line' id='line_1_29' title="bbox 231 3516 760 3597; baseline -0.013 -19"><span class='ocrx_word' id='word_1_177' title='bbox 231 3516 243 3551; x_wconf 85' lang='lat'><strong>¹</strong></span> <span class='ocrx_word' id='word_1_178' title='bbox 261 3522 390 3594; x_wconf 75' lang='lat' dir='ltr'>Assem,</span> <span class='ocrx_word' id='word_1_179' title='bbox 405 3530 427 3575; x_wconf 91' lang='lat' dir='ltr'>t.</span> <span class='ocrx_word' id='word_1_180' title='bbox 444 3522 499 3588; x_wconf 88' lang='lat' dir='ltr'>Ill,</span> <span class='ocrx_word' id='word_1_181' title='bbox 513 3538 581 3597; x_wconf 83' lang='lat' dir='ltr'>pars</span> <span class='ocrx_word' id='word_1_182' title='bbox 594 3522 626 3587; x_wconf 91' lang='lat'>1,</span> <span class='ocrx_word' id='word_1_183' title='bbox 643 3537 672 3594; x_wconf 72' lang='lat' dir='ltr'>pr</span> <span class='ocrx_word' id='word_1_184' title='bbox 690 3517 760 3573; x_wconf 72' lang='lat'>408.</span> 
     </span>
    </p>

    <p class='ocr_par' dir='ltr' id='par_1_7' title="bbox 191 3604 1202 3935">
     <span class='ocr_line' id='line_1_30' title="bbox 230 3604 1197 3683; baseline -0.01 -17"><span class='ocrx_word' id='word_1_185' title='bbox 230 3605 242 3641; x_wconf 81' lang='lat'><strong>³</strong></span> <span class='ocrx_word' id='word_1_186' title='bbox 262 3608 326 3683; x_wconf 82' lang='lat' dir='ltr'>Qua</span> <span class='ocrx_word' id='word_1_187' title='bbox 340 3607 451 3667; x_wconf 78' lang='lat' dir='ltr'>ratione</span> <span class='ocrx_word' id='word_1_188' title='bbox 463 3608 569 3667; x_wconf 82' lang='lat' dir='ltr'>ductus</span> <span class='ocrx_word' id='word_1_189' title='bbox 582 3606 619 3665; x_wconf 89' lang='lat' dir='ltr'>de</span> <span class='ocrx_word' id='word_1_190' title='bbox 633 3605 770 3666; x_wconf 86' lang='lat' dir='ltr'>Gerando</span> <span class='ocrx_word' id='word_1_191' title='bbox 782 3609 874 3680; x_wconf 82' lang='lat' dir='ltr'>(IIist.</span> <span class='ocrx_word' id='word_1_192' title='bbox 893 3608 1042 3681; x_wconf 55' lang='lat' dir='ltr'>campanie</span> <span class='ocrx_word' id='word_1_193' title='bbox 1060 3604 1111 3657; x_wconf 86' lang='lat' dir='ltr'>des</span> <span class='ocrx_word' id='word_1_194' title='bbox 1128 3614 1197 3673; x_wconf 68' lang='lat' dir='ltr'>cyse.</span> 
     </span>
     <span class='ocr_line' id='line_1_31' title="bbox 191 3688 1201 3776; baseline -0.006 -23"><span class='ocrx_word' id='word_1_195' title='bbox 191 3700 229 3753; x_wconf 86' lang='lat' dir='ltr'>de</span> <span class='ocrx_word' id='word_1_196' title='bbox 240 3698 329 3771; x_wconf 68' lang='lat' dir='ltr'>plait,</span> <span class='ocrx_word' id='word_1_197' title='bbox 344 3709 366 3752; x_wconf 93' lang='lat' dir='ltr'>t.</span> <span class='ocrx_word' id='word_1_198' title='bbox 382 3700 433 3770; x_wconf 83' lang='lat' dir='ltr'>IV,</span> <span class='ocrx_word' id='word_1_199' title='bbox 447 3716 477 3776; x_wconf 91' lang='lat' dir='ltr'>p.</span> <span class='ocrx_word' id='word_1_200' title='bbox 494 3700 568 3770; x_wconf 78' lang='lat'>195)</span> <span class='ocrx_word' id='word_1_201' title='bbox 589 3708 697 3755; x_wconf 84' lang='lat' dir='ltr'>asserat</span> <span class='ocrx_word' id='word_1_202' title='bbox 709 3695 852 3754; x_wconf 87' lang='lat' dir='ltr'>Uraninm</span> <span class='ocrx_word' id='word_1_203' title='bbox 872 3691 1052 3753; x_wconf 86' lang='lat' dir='ltr'>transtulisse</span> <span class='ocrx_word' id='word_1_204' title='bbox 1068 3688 1201 3765; x_wconf 84' lang='lat' dir='ltr'>quaedam</span> 
     </span>
     <span class='ocr_line' id='line_1_32' title="bbox 194 3778 1202 3866; baseline -0.011 -21"><span class='ocrx_word' id='word_1_205' title='bbox 194 3806 284 3866; x_wconf 86' lang='lat' dir='ltr'>opera</span> <span class='ocrx_word' id='word_1_206' title='bbox 299 3786 470 3858; x_wconf 83' lang='lat' dir='ltr'>Aristotelis,</span> <span class='ocrx_word' id='word_1_207' title='bbox 479 3786 561 3859; x_wconf 82' lang='lat' dir='ltr'>jussu</span> <span class='ocrx_word' id='word_1_208' title='bbox 574 3786 720 3853; x_wconf 87' lang='lat' dir='ltr'>Chosrois,</span> <span class='ocrx_word' id='word_1_209' title='bbox 734 3787 819 3864; x_wconf 86' lang='lat' dir='ltr'>plane</span> <span class='ocrx_word' id='word_1_210' title='bbox 832 3787 941 3855; x_wconf 86' lang='lat' dir='ltr'>nescio,</span> <span class='ocrx_word' id='word_1_211' title='bbox 958 3803 1013 3842; x_wconf 89' lang='lat' dir='ltr'>nec</span> <span class='ocrx_word' id='word_1_212' title='bbox 1028 3782 1090 3857; x_wconf 82' lang='lat' dir='ltr'>ipsc</span> <span class='ocrx_word' id='word_1_213' title='bbox 1104 3778 1202 3836; x_wconf 82' lang='lat' dir='ltr'>forsan</span> 
     </span>
     <span class='ocr_line' id='line_1_33' title="bbox 194 3874 428 3935; baseline 0 0"><span class='ocrx_word' id='word_1_214' title='bbox 194 3874 298 3935; x_wconf 88' lang='lat' dir='ltr'>melius</span> <span class='ocrx_word' id='word_1_215' title='bbox 312 3875 428 3935; x_wconf 86' lang='lat' dir='ltr'>sciebat.</span> 
     </span>
    </p>

    <p class='ocr_par' dir='ltr' id='par_1_8' title="bbox 235 3963 760 4043">
     <span class='ocr_line' id='line_1_34' title="bbox 235 3963 760 4043; baseline 0.006 -22"><span class='ocrx_word' id='word_1_216' title='bbox 235 3963 245 3997; x_wconf 75' lang='lat'>⁶</span> <span class='ocrx_word' id='word_1_217' title='bbox 265 3968 391 4037; x_wconf 80' lang='lat' dir='ltr'>Assem,</span> <span class='ocrx_word' id='word_1_218' title='bbox 407 3976 428 4021; x_wconf 91' lang='lat' dir='ltr'>t.</span> <span class='ocrx_word' id='word_1_219' title='bbox 444 3970 505 4035; x_wconf 91' lang='lat' dir='ltr'>Ill,</span> <span class='ocrx_word' id='word_1_220' title='bbox 521 3985 588 4043; x_wconf 88' lang='lat' dir='ltr'>pars</span> <span class='ocrx_word' id='word_1_221' title='bbox 601 3970 626 4037; x_wconf 88' lang='lat'>1,</span> <span class='ocrx_word' id='word_1_222' title='bbox 644 3988 673 4043; x_wconf 92' lang='lat' dir='ltr'>p.</span> <span class='ocrx_word' id='word_1_223' title='bbox 691 3967 760 4025; x_wconf 77' lang='grc'><strong>439.</strong></span> 
     </span>
    </p>
   </div>
   <div class='ocr_carea' id='block_1_4' title="bbox 0 0 1400 4776">
    <p class='ocr_par' dir='ltr' id='par_1_9' title="bbox 0 0 1400 4776">
     <span class='ocr_line' id='line_1_35' title="bbox 0 0 1400 4776; baseline 0 0"><span class='ocrx_word' id='word_1_224' title='bbox 0 0 1400 4776; x_wconf 95' lang='lat' dir='ltr'> </span> 
     </span>
    </p>
   </div>
  </div>
 </body>
</html>
