2768 4776
588 340 784 408 ..43-

185 476 323 564 nouam
341 480 614 588 peripateticum
638 483 752 581 qualis
778 485 876 581 apud
900 490 1007 580 Syros
1026 501 1188 582 receptus

183 614 274 675 ertit.

237 738 257 773 a
282 710 338 777 De
368 705 483 775 aaron
507 715 661 799 propter
690 725 780 797 quas
808 703 952 796 scripsit
980 701 1189 772 Aristoteles

187 838 302 912 opera
315 836 393 883 sua.
412 810 585 907 Quinque
600 823 684 879 sunt
698 831 768 897 reS,
785 807 889 879 idest
905 831 1033 897 causae,
1049 807 1095 879 de
1111 810 1189 906 qui·

187 921 260 994 bus
274 919 411 1019 scripsit
427 915 632 989 Aristoteles
648 930 765 986 totum
783 938 875 1013 opus
886 940 992 986 suum
1009 916 1187 1012 logicum:

192 1034 229 1103 l⁰
245 1028 291 1101 de
314 1028 469 1101 veritate
492 1023 666 1111 evidenti3
698 1027 734 1096 2⁰
764 1024 810 1094 de
840 1024 986 1095 veritate
1018 1024 1189 1113 obscura;

188 1138 227 1210 32
247 1136 295 1209 de
321 1132 475 1206 falsitate
492 1130 666 1220 obscura3
698 1133 735 1203 4⁰
761 1130 807 1201 de
836 1130 986 1203 falsitate
1011 1130 1189 1222 evidenti3

190 1246 228 1316 5⁰
243 1243 292 1315 de
307 1252 565 1337 requoepotest
577 1263 654 1310 esse
666 1253 702 1310 et
714 1263 789 1309 non
805 1262 894 1309 esse.
911 1239 1124 1337 Exemplum
1135 1265 1194 1310 ve·

191 1350 309 1423 riutis
345 1347 535 1421 multasse
572 1348 766 1444 unicuique
804 1345 944 1418 homini
968 1362 1021 1418 est
1047 1349 1194 1445 quando

196 1459 277 1557 quis
295 1456 381 1529 dicit
403 1454 604 1554 :Splendet
626 1454 694 1525 sol.
718 1454 931 1551 Exemplum
951 1457 1107 1527 veritatis
1129 1455 1195 1527 ob-

194 1590 318 1655 seurae,
335 1588 415 1663 quse
424 1586 501 1635 non
515 1561 663 1634 cuilibet
673 1563 793 1633 statim
807 1576 971 1659 apparet,
985 1577 1038 1633 est
1048 1564 1195 1659 quando

195 1672 352 1747 dicitius
376 1676 516 1743 Lumen
538 1671 633 1741 lunae
648 1693 669 1741 a
685 1669 761 1740 sole
782 1671 960 1766 provenit.
986 1670 1197 1768 Exemplum

192 1780 373 1853 mendacii
383 1779 561 1852 evidentis
572 1793 626 1850 est
643 1805 652 1848 τ
672 1777 732 1848 Sol
743 1802 817 1848 uon
830 1792 969 1848 tantum
981 1778 1198 1876 lucetquan-

191 1904 271 1961 tum
297 1887 397 1960 luna.
419 1884 632 1983 Exemplum
655 1883 833 1955 mendacii
854 1886 955 1982 cujus
973 1885 1104 1957 salsitas
1122 1909 1197 1958 non

193 1996 312 2068 statim
340 2008 506 2094 apparet,
535 2008 589 2063 est
614 2020 621 2062 :
650 1992 710 2062 Sol
737 2016 813 2063 non
841 2007 894 2064 est
920 2008 1040 2065 tantus
1065 2006 1200 2092 quauta

195 2118 302 2177 terre.
326 2104 392 2174 iles
410 2099 590 2201 possibilis
612 2116 681 2188 est,
701 2099 802 2171 verbi
814 2104 941 2196 gratia,
964 2119 1002 2173 ut
1019 2104 1100 2200 quis
1111 2127 1200 2199 pue·

196 2236 279 2283 nun
297 2210 426 2282 videns
440 2207 598 2280 motibus
615 2207 788 2296 alacrem,
810 2208 905 2279 dicat
928 2237 935 2278 :
956 2210 1021 2279 llic
1038 2208 1202 2306 philoso-

198 2318 290 2417 phus
305 2317 392 2406 srit3
410 2317 546 2387 etenim
563 2314 682 2386 forsan
699 2314 793 2386 istud
803 2329 857 2385 est
868 2338 1015 2402 verum,
1030 2331 1066 2386 et
1080 2318 1200 2388 forsan

198 2448 274 2497 non
305 2440 373 2497 est.
414 2422 534 2495 Habes
557 2424 719 2520 quinque
748 2437 958 2519 argumenta
992 2423 1038 2494 de
1071 2424 1202 2520 quibus

198 2532 340 2631 scripsit
356 2529 575 2603 Aristoteles.
598 2533 718 2628 Opera
736 2555 819 2602 vera
837 2531 913 2626 ejus
933 2531 1009 2602 haec
1032 2547 1140 2603 sunt:
1162 2530 1203 2603 li-

200 2638 268 2713 ber
289 2639 577 2733 categoriarum,
600 2637 690 2708 liber
707 2643 780 2735 Περὶ
806 2636 1002 2736 Ἐρμηνιίας,
1020 2638 1102 2710 libri
1130 2640 1203 2712 duo

201 2746 484 2844 Analyticorum,
492 2760 663 2845 practerea
676 2743 758 2816 libri
771 2745 846 2819 duo
858 2748 922 2846 qui
931 2755 1206 2847 vocanturhpo·

200 2854 349 2945 diction,
375 2854 412 2926 id
441 2869 495 2926 est
517 2851 701 2950 analytica
717 2856 930 2951 posteriora,
959 2870 995 2926 et
1020 2855 1102 2926 libri
1122 2870 1206 2927 octo

200 2963 431 3061 lupinorum.
452 2961 665 3057 Explririunt
678 2987 734 3031 res
749 2961 792 3031 de
808 2962 931 3059 quibus
943 2966 1086 3058 scripsit
1103 2967 1208 3034 Aris-

206 3070 337 3141 toteles.
361 3098 378 3137 u

255 3180 409 3274 Apparet
426 3201 541 3263 nunc,
561 3178 599 3247 ni
613 3175 729 3265 lallor,
746 3200 855 3272 quam
873 3177 996 3247 similis
1014 3178 1117 3246 fuerit
1135 3177 1207 3246 lor·

206 3300 294 3357 tuna
312 3287 504 3359 Aristotelis
521 3285 619 3384 apud
642 3288 749 3380 Syros
774 3299 811 3355 et
838 3284 935 3381 apud
962 3286 1106 3355 Latinos
1135 3310 1210 3357 me·

204 3391 273 3464 diae
304 3396 427 3466 astatis.
457 3396 554 3491 Syris
581 3419 673 3491 quos
695 3393 869 3464 hactenus
902 3393 1054 3463 examini
1092 3391 1211 3488 subje-

205 3501 318 3575 cimus
347 3503 552 3575 Aristoteles
579 3502 709 3600 logicas
728 3515 797 3587 est,
818 3515 935 3571 cetera
966 3501 1076 3597 ipsius
1101 3525 1211 3598 opera

203 3608 311 3707 plane
336 3612 458 3707 ignota
488 3624 583 3680 sunt.
621 3609 724 3680 Unde
741 3607 781 3678 fit
798 3623 837 3678 ut
858 3607 1086 3706 philosophia
1104 3612 1212 3704 Syro·

205 3742 286 3788 rum
306 3717 412 3789 nobis
429 3716 699 3789 similitudinem
721 3716 849 3788 referat
871 3717 977 3811 hujus
996 3716 1213 3790 scholasticae

206 3827 337 3924 prioris
349 3829 472 3913 aetatis,
491 3826 628 3897 Alcuini
640 3840 702 3896 aut
721 3825 906 3913 abaelardi,
917 3840 1108 3920 antequam
1118 3826 1211 3896 hris-

207 3935 334 4005 toteles
360 3949 454 4005 totus
483 3962 502 4005 e
531 3934 650 4030 gueeis
668 3934 887 4029 arabicisque
906 3930 1064 4003 fontibus
1083 3934 1214 4003 nostris
