2768 4776
591 369 786 435 ...15-

192 540 329 587 merum
360 516 427 587 sert
453 515 590 601 tuoto,
619 513 780 585 continet
803 510 910 581 Probi
929 514 1186 608 expositionem
1257 503 1261 511 ¹

189 626 227 694 in
266 623 397 695 librum
426 627 499 718 Περὶ
537 618 740 717 Ἐρμηνείας,
777 619 936 715 quinque
971 620 1187 693 sectionibus

189 731 407 819 absolutam,
427 730 574 828 paginas
599 729 638 799 9t
668 725 986 823 complectentem,
1016 728 1188 824 initioque

190 839 364 910 mutilam.
375 842 651 910 Monumentum
659 833 1017 906 hocvetustissimum
1027 833 1187 931 philoso-

189 947 281 1043 phiae
293 949 435 1043 syriacae
445 942 611 1015 manibus
620 942 780 1028 tractavi,
793 966 1005 1038 summaque
1013 943 1189 1015 industria

189 1054 412 1126 elaboratum
430 1050 604 1147 comperi.
621 1047 739 1120 Verba
764 1048 962 1120 Aristotelis
981 1074 1047 1119 suo
1064 1065 1188 1122 tenore

187 1163 318 1234 referre
338 1157 477 1230 Probus
502 1182 577 1228 non
595 1171 712 1245 curat3
741 1156 944 1227 doctrinam
965 1182 1049 1227 vero
1067 1156 1187 1255 philo-

188 1268 293 1366 sophi
313 1269 389 1363 ipse
405 1267 564 1362 exponit.
583 1266 721 1360 Dignus
738 1279 831 1335 esset
848 1264 877 1333 is
891 1266 1185 1354 commentarius,

190 1377 317 1449 saeculo
335 1404 359 1445 v
376 1375 496 1446 medio
512 1373 815 1472 conscriptus,[ab
834 1390 980 1446 auctore
997 1377 1060 1472 qui
1073 1378 1188 1473 Syria·

190 1509 257 1572 no,
288 1483 496 1573 Ammonio,
530 1480 675 1571 Proclo,
704 1480 834 1552 Davidi
862 1486 1017 1552 Armeno
1044 1483 1188 1579 aequalis

189 1589 272 1677 fuit,
294 1591 367 1661 imo
397 1590 516 1659 forsan
543 1602 645 1659 aetate
672 1588 848 1684 superior,
880 1588 943 1683 qui
959 1587 1086 1658 melius
1102 1591 1188 1661 viris

188 1695 302 1767 doctis
330 1698 583 1768 innotesceret.
610 1698 729 1781 Quam
753 1719 902 1791 operam
929 1710 969 1765 ut
995 1712 1184 1793 praestem,

187 1818 327 1901 tempus
340 1819 376 1875 et
393 1803 503 1875 libelli
520 1803 629 1905 hujus
643 1803 735 1873 ratio
753 1827 851 1873 nunc
866 1826 942 1873 non
961 1804 1094 1877 sinunt.

235 1925 288 1992 En
304 1920 480 1992 habemus
495 1920 782 2017 antiquissimum
794 1918 970 1991 Aristoteli
984 1920 1187 2019 impensum

185 2026 348 2099 laborem
364 2027 461 2124 apud
482 2030 601 2123 Syros.
624 2025 799 2097 Videntur
816 2040 936 2098 tamen
955 2027 1042 2118 lbae,
1067 2034 1187 2102 Cnmae

187 2149 224 2206 et
236 2133 344 2205 Probi
357 2159 468 2231 opera
477 2134 523 2231 (si
534 2134 646 2207 modo
660 2148 730 2206 tres
740 2135 811 2223 isti,
824 2134 923 2231 quod
934 2136 1102 2232 equidem
1110 2163 1186 2209 non

188 2241 337 2339 opinor,
363 2241 541 2314 Aristoteli
563 2266 667 2313 curas
693 2240 958 2338 adhibuerunt)
982 2268 1056 2314 non
1080 2244 1187 2318 luisse

185 2349 445 2445 vulgatissima,
467 2349 763 2447 quandoquidem
791 2350 920 2422 saeculo
947 2352 1108 2447 proxime
1133 2376 1187 2423 se-

185 2458 310 2553 quenti
325 2456 494 2529 lacobitae
509 2482 588 2529 rem
604 2482 647 2528 ex
670 2458 808 2554 integro
833 2457 1064 2529 reficiendam
1086 2484 1185 2531 sum-

186 2577 352 2661 pserunt,
373 2580 480 2662 atque
504 2568 600 2638 inter
627 2590 690 2639 eos
712 2566 854 2663 Sergius
872 2567 1094 2638 Resainensis
1112 2592 1185 2640 uno

188 2694 251 2741 ore
269 2670 498 2768 predicatur,
523 2675 586 2771 qui
607 2677 751 2769 primur
769 2672 994 2745 Aristotelem
1009 2676 1187 2771 syriacum

186 2776 280 2851 lecit.
321 2780 366 2849 At
402 2778 517 2851 nihilo
549 2783 664 2854 secius
701 2796 840 2853 certum
875 2797 928 2854 est
959 2786 1187 2859 Nestorianos

186 2884 316 2959 scholae
337 2884 526 2961 Edessenae
541 2889 679 2987 primos
704 2890 868 2961 omnium
890 2890 1067 2962 Aristoteli
1088 2894 1184 2991 apud

185 2994 293 3088 Syros
323 2994 482 3067 favorem
510 2997 737 3089 conciliasse,
768 3012 876 3095 atque
904 2998 1081 3071 Jacobitas
1110 3026 1184 3073 uno

185 3100 257 3172 lere
272 3102 413 3197 integro
431 3103 560 3175 saeculo
578 3105 616 3177 in
633 3104 689 3176 his
706 3105 831 3177 studiis
848 3107 1092 3203 praecessisse¹.

235 3219 450 3290 Gravissima
462 3223 682 3318 persecutio,
700 3247 778 3318 quae
803 3235 930 3292 contra
956 3225 1184 3297 Nestorianos

184 3324 293 3423 paulo
312 3342 393 3424 post
410 3343 534 3401 exorta
543 3344 608 3421 est,
622 3330 755 3401 fructus
765 3328 884 3400 bonos
899 3328 1031 3400 horum
1046 3330 1184 3404 studio-

184 3458 265 3504 rum
282 3449 420 3507 tantum
437 3461 513 3508 non
531 3439 720 3535 oppressit.
747 3438 886 3508 Etenim
911 3436 1072 3509 edesseni
1095 3438 1182 3513 doc·

183 3555 290 3631 tores,
303 3543 536 3640 quiNestorio
551 3543 729 3633 favebant,
748 3542 916 3615 aRahula
926 3545 1111 3644 episcopo,
1122 3551 1183 3645 qui

183 3673 249 3746 pro
266 3649 397 3744 Cyrillo
414 3651 546 3738 stabat,
569 3675 665 3723 anno
684 3654 756 3725 432
776 3677 795 3723 e
816 3652 888 3723 suis
907 3652 1050 3725 sedibus
1067 3655 1180 3751 pulsi,

184 3780 257 3827 non
273 3771 355 3827 ante
368 3756 548 3829 fortunam
562 3760 739 3831 mitiorem
754 3758 930 3850 habuere,
946 3785 1074 3856 quam,
1090 3787 1183 3834 mor-

222 3967 232 3999 ¹
253 3966 295 4023 Cf.
313 3968 423 4022 Assem.
440 3967 516 4023 But.
533 3970 648 4039 orient,
663 3982 684 4028 t.
701 3974 756 4043 111,
770 3983 845 4049 part.
859 3975 898 4042 ll,
916 3993 944 4051 p.
964 3993 1088 4030 cnxtnr.
