2768 4776
651 574 698 630 ott

179 802 627 952 rultosortttr
680 800 1176 967 rututtutttt

549 1127 658 1194 trun
684 1127 812 1194 stitus

303 1366 701 1457 COMMENTATIO
737 1367 1055 1456 fflstotttct.

413 1699 943 1716 Μ

545 1960 816 2041 PROLOGUS.

237 2203 531 2302 operaepretium
548 2199 634 2271 duxi
656 2224 698 2271 ex
716 2200 843 2272 ordine
861 2200 993 2272 referre
1013 2200 1082 2271 fata
1103 2200 1183 2299 phi·

187 2310 359 2408 losophiae
381 2308 620 2406 peripateticae
641 2306 739 2404 apud
760 2310 887 2404 Syros,
910 2305 1041 2404 quibus
1064 2307 1185 2378 locum

187 2418 335 2490 materia
359 2416 509 2512 dignum
540 2413 702 2512 plerique
738 2436 881 2487 eorum·
900 2415 962 2512 qui
999 2413 1186 2487 historiam

187 2523 422 2622 philosophiae
450 2522 679 2594 scribendam
706 2536 962 2621 sumpserunt,
991 2547 1057 2594 suo
1090 2537 1186 2594 certe

187 2631 327 2702 silentio
354 2629 548 2725 denegasse
571 2628 660 2700 mihi
682 2628 862 2701 videntur.
891 2632 1011 2702 Tenue
1039 2630 1187 2728 quidem

189 2751 455 2833 argumentum,
472 2738 502 2808 si
517 2738 554 2807 in
569 2737 686 2834 seipso
703 2751 901 2834 spectetur;
921 2738 1072 2809 sednon
1089 2762 1187 2836 sper-

189 2844 365 2934 nendum,
388 2844 417 2915 si
433 2844 470 2914 in
487 2844 636 2918 historia
647 2845 781 2941 ingenii
790 2843 940 2916 humani
952 2845 1185 2943 expendatur.

189 2951 267 3046 Syri
291 2952 388 3023 enim
414 2951 566 3048 gradum
590 2976 706 3022 unum
734 2951 900 3024 obtinent
929 2954 966 3024 in
998 2952 1059 3024 illa
1081 2953 1189 3024 tradi·

189 3059 288 3129 tione
304 3057 475 3130 doetrinae
491 3085 569 3156 quae
588 3059 635 3131 ad
651 3083 719 3130 nos
731 3060 1100 3156 usqueauctoritatem
1109 3058 1188 3156 phi-

191 3163 362 3260 losophiae
376 3167 528 3263 antiquae
545 3166 684 3239 detulit.
706 3166 839 3238 Arabas
855 3168 1021 3263 equidem
1047 3169 1084 3237 in
1107 3167 1188 3263 phi·

191 3269 355 3369 losophia
372 3271 461 3344 nihil
482 3272 612 3347 vidisse
636 3276 704 3346 nisi
724 3299 789 3372 per
812 3277 920 3371 Syros
939 3273 1189 3346 demonstrare

191 3379 372 3472 conabor3
385 3379 1190 3483 'quisautemnegabitphiiosophiamdrabum

190 3512 267 3559 rem
288 3491 420 3561 summi
437 3492 613 3562 momenti
638 3490 765 3582 fuisse,
792 3514 1030 3586 magnamque
1051 3504 1190 3586 partem
1240 3556 1246 3567 .

191 3592 258 3662 sibi
274 3593 354 3687 jure
379 3595 563 3669 vindicare
585 3597 623 3666 in
645 3596 807 3693 augenda
828 3613 935 3694 atque
957 3597 1191 3695 propaganda

193 3694 425 3797 philosophiae
447 3702 659 3802 disciplina?

242 3803 366 3897 Jejuna
381 3807 500 3880 forsan
519 3807 738 3882 videbuntur
754 3812 873 3883 multis
896 3809 1087 3884 lectoribus
1113 3835 1192 3906 quar

194 3906 253 3978 hic
269 3932 534 4006 proponuntur.
549 3921 593 3988 At
607 3917 837 3992 meminerint
848 3919 970 3991 locum
986 3919 1193 3990 huncante·
1253 4008 1262 4019 ἓ
