<?xml version="1.0" encoding="UTF-8"?>
<!DOCTYPE html PUBLIC "-//W3C//DTD XHTML 1.0 Transitional//EN"
    "http://www.w3.org/TR/xhtml1/DTD/xhtml1-transitional.dtd">
<html xmlns="http://www.w3.org/1999/xhtml" xml:lang="en" lang="en">
 <head>
  <title>
</title>
<meta http-equiv="Content-Type" content="text/html;charset=utf-8" />
  <meta name='ocr-system' content='tesseract 3.04.00' />
  <meta name='ocr-capabilities' content='ocr_page ocr_carea ocr_par ocr_line ocrx_word'/>
</head>
<body>
  <div class='ocr_page' id='page_1' title='image "./dephilosophiape00renagoog_0016.png"; bbox 0 0 2738 4786; ppageno 0'>
   <div class='ocr_carea' id='block_1_1' title="bbox 565 364 735 434">
    <p class='ocr_par' dir='ltr' id='par_1_1' title="bbox 565 364 735 434">
     <span class='ocr_line' id='line_1_1' title="bbox 565 364 735 434; baseline -0.018 -16"><span class='ocrx_word' id='word_1_1' title='bbox 565 364 735 434; x_wconf 71' lang='lat'><strong>...5-</strong></span> 
     </span>
    </p>
   </div>
   <div class='ocr_carea' id='block_1_2' title="bbox 154 508 1207 2325">
    <p class='ocr_par' dir='ltr' id='par_1_2' title="bbox 154 508 1207 2325">
     <span class='ocr_line' id='line_1_2' title="bbox 154 508 1151 604; baseline 0.005 -29"><span class='ocrx_word' id='word_1_2' title='bbox 154 509 238 580; x_wconf 87' lang='lat' dir='ltr'><strong>sisse</strong></span> <span class='ocrx_word' id='word_1_3' title='bbox 261 524 300 580; x_wconf 91' lang='lat' dir='ltr'><strong>ut</strong></span> <span class='ocrx_word' id='word_1_4' title='bbox 325 533 399 579; x_wconf 93' lang='lat' dir='ltr'><strong>non</strong></span> <span class='ocrx_word' id='word_1_5' title='bbox 423 508 669 599; x_wconf 84' lang='lat' dir='ltr'><strong>infitiandum,</strong></span> <span class='ocrx_word' id='word_1_6' title='bbox 690 509 738 579; x_wconf 89' lang='lat' dir='ltr'><strong>ita</strong></span> <span class='ocrx_word' id='word_1_7' title='bbox 762 522 899 580; x_wconf 90' lang='lat' dir='ltr'><strong>certum</strong></span> <span class='ocrx_word' id='word_1_8' title='bbox 917 524 970 580; x_wconf 90' lang='lat' dir='ltr'><strong>est</strong></span> <span class='ocrx_word' id='word_1_9' title='bbox 993 508 1151 604; x_wconf 90' lang='lat' dir='ltr'><strong>linguam</strong></span> 
     </span>
     <span class='ocr_line' id='line_1_3' title="bbox 155 614 1154 690; baseline 0.003 -7"><span class='ocrx_word' id='word_1_10' title='bbox 155 616 381 689; x_wconf 82' lang='lat' dir='ltr'><strong>vernaculam</strong></span> <span class='ocrx_word' id='word_1_11' title='bbox 400 616 449 689; x_wconf 91' lang='lat' dir='ltr'><strong>ibi</strong></span> <span class='ocrx_word' id='word_1_12' title='bbox 473 642 548 690; x_wconf 91' lang='lat' dir='ltr'><strong>non</strong></span> <span class='ocrx_word' id='word_1_13' title='bbox 565 617 775 689; x_wconf 86' lang='lat' dir='ltr'><strong>exstinctam</strong></span> <span class='ocrx_word' id='word_1_14' title='bbox 790 615 908 688; x_wconf 89' lang='lat' dir='ltr'><strong>luisse.</strong></span> <span class='ocrx_word' id='word_1_15' title='bbox 922 617 996 687; x_wconf 92' lang='lat' dir='ltr'><strong>Viri</strong></span> <span class='ocrx_word' id='word_1_16' title='bbox 1011 614 1154 686; x_wconf 91' lang='lat' dir='ltr'><strong>litterati</strong></span> 
     </span>
     <span class='ocr_line' id='line_1_4' title="bbox 154 721 1154 814; baseline 0.001 -22"><span class='ocrx_word' id='word_1_17' title='bbox 154 724 236 814; x_wconf 88' lang='lat' dir='ltr'><strong>soli,</strong></span> <span class='ocrx_word' id='word_1_18' title='bbox 256 727 285 796; x_wconf 92' lang='lat' dir='ltr'><strong>si</strong></span> <span class='ocrx_word' id='word_1_19' title='bbox 300 725 410 797; x_wconf 90' lang='lat' dir='ltr'><strong>modo</strong></span> <span class='ocrx_word' id='word_1_20' title='bbox 428 749 555 796; x_wconf 91' lang='lat' dir='ltr'><strong>omnes</strong></span> <span class='ocrx_word' id='word_1_21' title='bbox 572 723 728 813; x_wconf 89' lang='lat' dir='ltr'><strong>litterati,</strong></span> <span class='ocrx_word' id='word_1_22' title='bbox 743 721 843 794; x_wconf 90' lang='lat' dir='ltr'><strong>docti</strong></span> <span class='ocrx_word' id='word_1_23' title='bbox 857 738 959 795; x_wconf 91' lang='lat' dir='ltr'><strong>erant</strong></span> <span class='ocrx_word' id='word_1_24' title='bbox 971 745 1154 793; x_wconf 87' lang='lat' dir='ltr'>sermones</span> 
     </span>
     <span class='ocr_line' id='line_1_5' title="bbox 156 829 1155 930; baseline 0.002 -30"><span class='ocrx_word' id='word_1_25' title='bbox 156 833 339 930; x_wconf 90' lang='lat' dir='ltr'><strong>utriusque</strong></span> <span class='ocrx_word' id='word_1_26' title='bbox 356 835 502 930; x_wconf 73' lang='lat' dir='ltr'><strong>lingua,</strong></span> <span class='ocrx_word' id='word_1_27' title='bbox 520 832 641 928; x_wconf 88' lang='lat' dir='ltr'><strong>lingua</strong></span> <span class='ocrx_word' id='word_1_28' title='bbox 661 831 798 925; x_wconf 82' lang='lat' dir='ltr'><strong>syriaca</strong></span> <span class='ocrx_word' id='word_1_29' title='bbox 813 855 888 901; x_wconf 92' lang='lat' dir='ltr'><strong>uon</strong></span> <span class='ocrx_word' id='word_1_30' title='bbox 902 845 1042 902; x_wconf 85' lang='lat' dir='ltr'><strong>tanturn</strong></span> <span class='ocrx_word' id='word_1_31' title='bbox 1057 829 1155 928; x_wconf 93' lang='lat' dir='ltr'><strong>apud</strong></span> 
     </span>
     <span class='ocr_line' id='line_1_6' title="bbox 155 936 1159 1037; baseline 0 -29"><span class='ocrx_word' id='word_1_32' title='bbox 155 940 281 1037; x_wconf 88' lang='lat' dir='ltr'><strong>vulgus</strong></span> <span class='ocrx_word' id='word_1_33' title='bbox 311 944 347 1013; x_wconf 91' lang='lat' dir='ltr'><strong>in</strong></span> <span class='ocrx_word' id='word_1_34' title='bbox 380 967 446 1012; x_wconf 92' lang='lat' dir='ltr'><strong>usu</strong></span> <span class='ocrx_word' id='word_1_35' title='bbox 472 955 565 1027; x_wconf 88' lang='lat' dir='ltr'><strong>erat,</strong></span> <span class='ocrx_word' id='word_1_36' title='bbox 590 936 655 1009; x_wconf 90' lang='lat' dir='ltr'><strong>sed</strong></span> <span class='ocrx_word' id='word_1_37' title='bbox 680 938 805 1008; x_wconf 89' lang='lat' dir='ltr'><strong>litteris</strong></span> <span class='ocrx_word' id='word_1_38' title='bbox 831 938 1079 1011; x_wconf 83' lang='lat' dir='ltr'><strong>mandabatur.</strong></span> <span class='ocrx_word' id='word_1_39' title='bbox 1099 939 1159 1008; x_wconf 86' lang='lat' dir='ltr'><strong>Sc-</strong></span> 
     </span>
     <span class='ocr_line' id='line_1_7' title="bbox 155 1044 1157 1142; baseline 0 -26"><span class='ocrx_word' id='word_1_40' title='bbox 155 1047 314 1138; x_wconf 89' lang='lat' dir='ltr'><strong>leucidae,</strong></span> <span class='ocrx_word' id='word_1_41' title='bbox 330 1063 369 1118; x_wconf 89' lang='lat' dir='ltr'><strong>ut</strong></span> <span class='ocrx_word' id='word_1_42' title='bbox 386 1071 512 1117; x_wconf 91' lang='lat' dir='ltr'><strong>omnes</strong></span> <span class='ocrx_word' id='word_1_43' title='bbox 525 1045 653 1136; x_wconf 91' lang='lat' dir='ltr'><strong>sciunt,</strong></span> <span class='ocrx_word' id='word_1_44' title='bbox 668 1044 888 1142; x_wconf 87' lang='lat' dir='ltr'><strong>paucissimis</strong></span> <span class='ocrx_word' id='word_1_45' title='bbox 904 1047 1006 1117; x_wconf 90' lang='lat' dir='ltr'><strong>annis</strong></span> <span class='ocrx_word' id='word_1_46' title='bbox 1018 1045 1157 1142; x_wconf 84' lang='lat' dir='ltr'><strong>Syriam</strong></span> 
     </span>
     <span class='ocr_line' id='line_1_8' title="bbox 157 1151 1159 1250; baseline -0.001 -24"><span class='ocrx_word' id='word_1_47' title='bbox 157 1154 530 1250; x_wconf 88' lang='lat' dir='ltr'><strong>transeuphratensem</strong></span> <span class='ocrx_word' id='word_1_48' title='bbox 541 1154 759 1225; x_wconf 88' lang='lat' dir='ltr'><strong>tenuerunt¹.</strong></span> <span class='ocrx_word' id='word_1_49' title='bbox 772 1151 846 1222; x_wconf 90' lang='lat' dir='ltr'><strong>Sub</strong></span> <span class='ocrx_word' id='word_1_50' title='bbox 858 1152 1159 1250; x_wconf 82' lang='lat' dir='ltr'><strong>Arsacidis,quan·</strong></span> 
     </span>
     <span class='ocr_line' id='line_1_9' title="bbox 157 1258 1158 1358; baseline -0.003 -25"><span class='ocrx_word' id='word_1_51' title='bbox 157 1287 266 1358; x_wconf 89' lang='lat' dir='ltr'><strong>quarn</strong></span> <span class='ocrx_word' id='word_1_52' title='bbox 293 1260 361 1357; x_wconf 91' lang='lat' dir='ltr'><strong>ipsi</strong></span> <span class='ocrx_word' id='word_1_53' title='bbox 388 1285 427 1331; x_wconf 87' lang='lat' dir='ltr'><strong>sc</strong></span> <span class='ocrx_word' id='word_1_54' title='bbox 453 1269 636 1356; x_wconf 60' lang='grc' dir='ltr'>φιλελληνας</span> <span class='ocrx_word' id='word_1_55' title='bbox 665 1259 736 1331; x_wconf 89' lang='lat' dir='ltr'><strong>dici</strong></span> <span class='ocrx_word' id='word_1_56' title='bbox 768 1258 994 1356; x_wconf 86' lang='lat' dir='ltr'><strong>gaudebant,</strong></span> <span class='ocrx_word' id='word_1_57' title='bbox 1023 1260 1158 1356; x_wconf 91' lang='lat' dir='ltr'><strong>lingua·</strong></span> 
     </span>
     <span class='ocr_line' id='line_1_10' title="bbox 158 1367 1158 1464; baseline 0.001 -26"><span class='ocrx_word' id='word_1_58' title='bbox 158 1393 229 1464; x_wconf 89' lang='lat' dir='ltr'><strong>que</strong></span> <span class='ocrx_word' id='word_1_59' title='bbox 244 1391 355 1464; x_wconf 81' lang='lat' dir='ltr'><strong>graeca</strong></span> <span class='ocrx_word' id='word_1_60' title='bbox 366 1368 403 1438; x_wconf 93' lang='lat' dir='ltr'><strong>in</strong></span> <span class='ocrx_word' id='word_1_61' title='bbox 418 1368 576 1439; x_wconf 91' lang='lat' dir='ltr'><strong>nummis</strong></span> <span class='ocrx_word' id='word_1_62' title='bbox 589 1369 661 1440; x_wconf 90' lang='lat' dir='ltr'><strong>suis</strong></span> <span class='ocrx_word' id='word_1_63' title='bbox 672 1368 878 1455; x_wconf 87' lang='lat' dir='ltr'><strong>utebantur,</strong></span> <span class='ocrx_word' id='word_1_64' title='bbox 892 1367 1025 1441; x_wconf 82' lang='lat' dir='ltr'><strong>litteras</strong></span> <span class='ocrx_word' id='word_1_65' title='bbox 1042 1367 1158 1439; x_wconf 85' lang='lat' dir='ltr'><strong>nullas</strong></span> 
     </span>
     <span class='ocr_line' id='line_1_11' title="bbox 158 1473 1158 1572; baseline 0.004 -30"><span class='ocrx_word' id='word_1_66' title='bbox 158 1474 263 1546; x_wconf 91' lang='lat' dir='ltr'><strong>video</strong></span> <span class='ocrx_word' id='word_1_67' title='bbox 290 1475 326 1545; x_wconf 93' lang='lat' dir='ltr'><strong>in</strong></span> <span class='ocrx_word' id='word_1_68' title='bbox 356 1476 456 1572; x_wconf 86' lang='lat' dir='ltr'><strong>Syria</strong></span> <span class='ocrx_word' id='word_1_69' title='bbox 473 1474 636 1548; x_wconf 87' lang='lat' dir='ltr'><strong>floruisse</strong></span> <span class='ocrx_word' id='word_1_70' title='bbox 647 1479 669 1545; x_wconf 85' lang='lat'><strong>¹.</strong></span> <span class='ocrx_word' id='word_1_71' title='bbox 696 1475 862 1546; x_wconf 84' lang='lat' dir='ltr'><strong>Occurrit</strong></span> <span class='ocrx_word' id='word_1_72' title='bbox 883 1475 1030 1572; x_wconf 90' lang='lat' dir='ltr'><strong>quidem</strong></span> <span class='ocrx_word' id='word_1_73' title='bbox 1053 1473 1158 1546; x_wconf 88' lang='lat' dir='ltr'><strong>uobis</strong></span> 
     </span>
     <span class='ocr_line' id='line_1_12' title="bbox 159 1582 1159 1683; baseline 0.001 -29"><span class='ocrx_word' id='word_1_74' title='bbox 159 1608 328 1681; x_wconf 91' lang='lat' dir='ltr'><strong>magnum</strong></span> <span class='ocrx_word' id='word_1_75' title='bbox 357 1585 564 1683; x_wconf 91' lang='lat' dir='ltr'><strong>disputandi</strong></span> <span class='ocrx_word' id='word_1_76' title='bbox 588 1598 856 1681; x_wconf 83' lang='lat' dir='ltr'><strong>argumentum,</strong></span> <span class='ocrx_word' id='word_1_77' title='bbox 883 1582 1078 1655; x_wconf 90' lang='lat' dir='ltr'><strong>litteratura</strong></span> <span class='ocrx_word' id='word_1_78' title='bbox 1099 1582 1159 1655; x_wconf 91' lang='lat' dir='ltr'><strong>illa</strong></span> 
     </span>
     <span class='ocr_line' id='line_1_13' title="bbox 157 1689 1158 1790; baseline 0.001 -28"><span class='ocrx_word' id='word_1_79' title='bbox 157 1692 419 1784; x_wconf 88' lang='lat' dir='ltr'><strong>Nabataeorum,</strong></span> <span class='ocrx_word' id='word_1_80' title='bbox 448 1694 495 1765; x_wconf 91' lang='lat' dir='ltr'><strong>de</strong></span> <span class='ocrx_word' id='word_1_81' title='bbox 515 1716 586 1790; x_wconf 92' lang='lat' dir='ltr'><strong>qua</strong></span> <span class='ocrx_word' id='word_1_82' title='bbox 614 1707 689 1763; x_wconf 90' lang='lat' dir='ltr'><strong>tam</strong></span> <span class='ocrx_word' id='word_1_83' title='bbox 710 1691 822 1764; x_wconf 90' lang='lat' dir='ltr'><strong>multa</strong></span> <span class='ocrx_word' id='word_1_84' title='bbox 844 1707 981 1764; x_wconf 80' lang='lat' dir='ltr'><strong>exstant</strong></span> <span class='ocrx_word' id='word_1_85' title='bbox 1001 1689 1158 1763; x_wconf 82' lang='lat' dir='ltr'><strong>Arabum</strong></span> 
     </span>
     <span class='ocr_line' id='line_1_14' title="bbox 158 1801 1207 1899; baseline -0.004 -27"><span class='ocrx_word' id='word_1_86' title='bbox 158 1801 379 1891; x_wconf 90' lang='lat' dir='ltr'><strong>testimonia,</strong></span> <span class='ocrx_word' id='word_1_87' title='bbox 400 1815 435 1873; x_wconf 89' lang='lat' dir='ltr'><strong>et</strong></span> <span class='ocrx_word' id='word_1_88' title='bbox 459 1801 560 1897; x_wconf 89' lang='lat' dir='ltr'><strong>cujus</strong></span> <span class='ocrx_word' id='word_1_89' title='bbox 586 1801 724 1896; x_wconf 83' lang='lat' dir='ltr'><strong>insigne</strong></span> <span class='ocrx_word' id='word_1_90' title='bbox 742 1814 1021 1870; x_wconf 89' lang='lat' dir='ltr'><strong>monumentum</strong></span> <span class='ocrx_word' id='word_1_91' title='bbox 1036 1822 1161 1899; x_wconf 74' lang='lat' dir='ltr'><strong>super-</strong></span> <span class='ocrx_word' id='word_1_92' title='bbox 1201 1825 1207 1843; x_wconf 77' lang='lat'><strong><em>¹</em></strong></span> 
     </span>
     <span class='ocr_line' id='line_1_15' title="bbox 156 1904 1159 2006; baseline -0.004 -26"><span class='ocrx_word' id='word_1_93' title='bbox 156 1923 209 1980; x_wconf 91' lang='lat' dir='ltr'><strong>est</strong></span> <span class='ocrx_word' id='word_1_94' title='bbox 235 1909 376 1981; x_wconf 90' lang='lat' dir='ltr'><strong>arabice</strong></span> <span class='ocrx_word' id='word_1_95' title='bbox 406 1934 569 1997; x_wconf 88' lang='lat' dir='ltr'><strong>versum,</strong></span> <span class='ocrx_word' id='word_1_96' title='bbox 597 1907 688 1979; x_wconf 89' lang='lat' dir='ltr'><strong>liber</strong></span> <span class='ocrx_word' id='word_1_97' title='bbox 714 1913 767 1978; x_wconf 88' lang='lat' dir='ltr'><strong>De</strong></span> <span class='ocrx_word' id='word_1_98' title='bbox 791 1906 1010 2006; x_wconf 83' lang='lat' dir='ltr'><strong>agricultura</strong></span> <span class='ocrx_word' id='word_1_99' title='bbox 1038 1904 1159 1978; x_wconf 86' lang='lat' dir='ltr'><strong>Naba·</strong></span> 
     </span>
     <span class='ocr_line' id='line_1_16' title="bbox 159 2013 1160 2110; baseline 0 -25"><span class='ocrx_word' id='word_1_100' title='bbox 159 2033 315 2087; x_wconf 79' lang='lat' dir='ltr'><strong>toeorum.</strong></span> <span class='ocrx_word' id='word_1_101' title='bbox 356 2016 480 2087; x_wconf 91' lang='lat' dir='ltr'><strong>Libros</strong></span> <span class='ocrx_word' id='word_1_102' title='bbox 519 2015 767 2086; x_wconf 86' lang='lat' dir='ltr'><strong>Nahataeorum</strong></span> <span class='ocrx_word' id='word_1_103' title='bbox 813 2015 964 2086; x_wconf 88' lang='lat' dir='ltr'><strong>dialecto</strong></span> <span class='ocrx_word' id='word_1_104' title='bbox 1002 2013 1160 2110; x_wconf 90' lang='lat' dir='ltr'><strong>quadam</strong></span> 
     </span>
     <span class='ocr_line' id='line_1_17' title="bbox 158 2122 1161 2219; baseline 0 -26"><span class='ocrx_word' id='word_1_105' title='bbox 158 2124 335 2195; x_wconf 90' lang='lat' dir='ltr'><strong>aramaica</strong></span> <span class='ocrx_word' id='word_1_106' title='bbox 359 2125 510 2219; x_wconf 90' lang='lat' dir='ltr'><strong>scriptos</strong></span> <span class='ocrx_word' id='word_1_107' title='bbox 540 2123 646 2193; x_wconf 88' lang='lat' dir='ltr'><strong>fuisse</strong></span> <span class='ocrx_word' id='word_1_108' title='bbox 677 2123 808 2195; x_wconf 88' lang='lat' dir='ltr'><strong>invicte</strong></span> <span class='ocrx_word' id='word_1_109' title='bbox 824 2122 1084 2194; x_wconf 91' lang='lat' dir='ltr'><strong>demonstravit</strong></span> <span class='ocrx_word' id='word_1_110' title='bbox 1105 2123 1161 2193; x_wconf 89' lang='lat' dir='ltr'><strong>vir</strong></span> 
     </span>
     <span class='ocr_line' id='line_1_18' title="bbox 159 2227 1157 2325; baseline -0.002 -23"><span class='ocrx_word' id='word_1_111' title='bbox 159 2229 387 2302; x_wconf 90' lang='lat' dir='ltr'><strong>doctissimus</strong></span> <span class='ocrx_word' id='word_1_112' title='bbox 396 2227 836 2325; x_wconf 76' lang='lat' dir='ltr'><strong>StephanusQuatremere</strong></span> <span class='ocrx_word' id='word_1_113' title='bbox 844 2229 914 2323; x_wconf 62' lang='grc' dir='ltr'><strong>’,ζεῖ</strong></span> <span class='ocrx_word' id='word_1_114' title='bbox 922 2253 989 2324; x_wconf 86' lang='lat' dir='ltr'><strong>ego</strong></span> <span class='ocrx_word' id='word_1_115' title='bbox 997 2228 1157 2324; x_wconf 91' lang='lat' dir='ltr'><strong>quidem,</strong></span> 
     </span>
    </p>
   </div>
   <div class='ocr_carea' id='block_1_3' title="bbox 159 2431 1164 3142">
    <p class='ocr_par' dir='ltr' id='par_1_3' title="bbox 159 2431 1163 2782">
     <span class='ocr_line' id='line_1_19' title="bbox 197 2431 1161 2513; baseline -0.001 -21"><span class='ocrx_word' id='word_1_116' title='bbox 197 2436 206 2468; x_wconf 93' lang='lat'><strong>¹</strong></span> <span class='ocrx_word' id='word_1_117' title='bbox 227 2433 451 2513; x_wconf 88' lang='lat' dir='ltr'><strong>Inscriptionum</strong></span> <span class='ocrx_word' id='word_1_118' title='bbox 475 2453 634 2512; x_wconf 86' lang='lat' dir='ltr'><strong>graecarum</strong></span> <span class='ocrx_word' id='word_1_119' title='bbox 652 2434 785 2512; x_wconf 82' lang='lat' dir='ltr'><strong>insyria</strong></span> <span class='ocrx_word' id='word_1_120' title='bbox 805 2433 876 2492; x_wconf 89' lang='lat' dir='ltr'><strong>citra</strong></span> <span class='ocrx_word' id='word_1_121' title='bbox 895 2431 1071 2510; x_wconf 87' lang='lat' dir='ltr'><strong>Euphratem</strong></span> <span class='ocrx_word' id='word_1_122' title='bbox 1091 2433 1161 2491; x_wconf 90' lang='lat' dir='ltr'><strong>dum</strong></span> 
     </span>
     <span class='ocr_line' id='line_1_20' title="bbox 159 2519 1163 2603; baseline -0.001 -21"><span class='ocrx_word' id='word_1_123' title='bbox 159 2543 240 2603; x_wconf 84' lang='lat' dir='ltr'><strong>seges</strong></span> <span class='ocrx_word' id='word_1_124' title='bbox 249 2522 374 2582; x_wconf 88' lang='lat' dir='ltr'><strong>habetur</strong></span> <span class='ocrx_word' id='word_1_125' title='bbox 387 2522 575 2601; x_wconf 88' lang='lat' dir='ltr'><strong>amplissima,</strong></span> <span class='ocrx_word' id='word_1_126' title='bbox 589 2523 639 2582; x_wconf 83' lang='lat' dir='ltr'><strong>vix</strong></span> <span class='ocrx_word' id='word_1_127' title='bbox 654 2543 741 2582; x_wconf 88' lang='lat' dir='ltr'><strong>unam</strong></span> <span class='ocrx_word' id='word_1_128' title='bbox 756 2536 784 2582; x_wconf 88' lang='lat' dir='ltr'><strong>et</strong></span> <span class='ocrx_word' id='word_1_129' title='bbox 797 2523 929 2595; x_wconf 89' lang='lat' dir='ltr'><strong>alteram,</strong></span> <span class='ocrx_word' id='word_1_130' title='bbox 942 2540 1047 2599; x_wconf 89' lang='lat' dir='ltr'><strong>easque</strong></span> <span class='ocrx_word' id='word_1_131' title='bbox 1059 2519 1163 2581; x_wconf 90' lang='lat' dir='ltr'><strong>barba·</strong></span> 
     </span>
     <span class='ocr_line' id='line_1_21' title="bbox 161 2611 1161 2693; baseline 0.001 -23"><span class='ocrx_word' id='word_1_132' title='bbox 161 2614 203 2671; x_wconf 90' lang='lat' dir='ltr'><strong>rie</strong></span> <span class='ocrx_word' id='word_1_133' title='bbox 223 2613 384 2690; x_wconf 88' lang='lat' dir='ltr'><strong>squalidas,</strong></span> <span class='ocrx_word' id='word_1_134' title='bbox 409 2625 488 2672; x_wconf 90' lang='lat' dir='ltr'><strong>trans</strong></span> <span class='ocrx_word' id='word_1_135' title='bbox 511 2612 687 2691; x_wconf 82' lang='lat' dir='ltr'><strong>Euphratem</strong></span> <span class='ocrx_word' id='word_1_136' title='bbox 706 2626 850 2693; x_wconf 87' lang='lat' dir='ltr'><strong>repertam</strong></span> <span class='ocrx_word' id='word_1_137' title='bbox 876 2612 963 2671; x_wconf 82' lang='lat' dir='ltr'><strong>refert</strong></span> <span class='ocrx_word' id='word_1_138' title='bbox 985 2611 1161 2685; x_wconf 78' lang='lat' dir='ltr'><strong>Boeclthius,</strong></span> 
     </span>
     <span class='ocr_line' id='line_1_22' title="bbox 164 2704 790 2782; baseline 0.01 -23"><span class='ocrx_word' id='word_1_139' title='bbox 164 2705 244 2778; x_wconf 79' lang='lat' dir='ltr'><strong>corp.</strong></span> <span class='ocrx_word' id='word_1_140' title='bbox 262 2709 393 2780; x_wconf 73' lang='lat' dir='ltr'><strong>Inscript.</strong></span> <span class='ocrx_word' id='word_1_141' title='bbox 406 2724 502 2782; x_wconf 58' lang='lat' dir='ltr'><strong>grace,</strong></span> <span class='ocrx_word' id='word_1_142' title='bbox 519 2704 577 2763; x_wconf 91' lang='lat' dir='ltr'><strong>vol.</strong></span> <span class='ocrx_word' id='word_1_143' title='bbox 594 2707 656 2774; x_wconf 89' lang='lat'><strong>111,</strong></span> <span class='ocrx_word' id='word_1_144' title='bbox 672 2723 703 2782; x_wconf 91' lang='lat' dir='ltr'><strong>p.</strong></span> <span class='ocrx_word' id='word_1_145' title='bbox 720 2707 790 2765; x_wconf 65' lang='grc' dir='ltr'><strong>ΥΠ.</strong></span> 
     </span>
    </p>

    <p class='ocr_par' dir='ltr' id='par_1_4' title="bbox 161 2791 1164 3142">
     <span class='ocr_line' id='line_1_23' title="bbox 200 2791 1162 2866; baseline 0 -15"><span class='ocrx_word' id='word_1_146' title='bbox 200 2791 210 2825; x_wconf 83' lang='lat'>&#39;</span> <span class='ocrx_word' id='word_1_147' title='bbox 231 2795 301 2866; x_wconf 87' lang='lat' dir='ltr'><strong>Quae</strong></span> <span class='ocrx_word' id='word_1_148' title='bbox 318 2794 438 2852; x_wconf 82' lang='lat' dir='ltr'><strong>Armeni</strong></span> <span class='ocrx_word' id='word_1_149' title='bbox 455 2793 621 2852; x_wconf 86' lang='lat' dir='ltr'><strong>fabulantur</strong></span> <span class='ocrx_word' id='word_1_150' title='bbox 640 2794 677 2852; x_wconf 90' lang='lat' dir='ltr'><strong>de</strong></span> <span class='ocrx_word' id='word_1_151' title='bbox 693 2793 818 2852; x_wconf 84' lang='lat' dir='ltr'><strong>archivis</strong></span> <span class='ocrx_word' id='word_1_152' title='bbox 831 2793 982 2862; x_wconf 86' lang='lat' dir='ltr'><strong>Edessenis</strong></span> <span class='ocrx_word' id='word_1_153' title='bbox 1000 2805 1029 2851; x_wconf 86' lang='lat' dir='ltr'><strong>et</strong></span> <span class='ocrx_word' id='word_1_154' title='bbox 1047 2793 1162 2851; x_wconf 79' lang='lat' dir='ltr'><strong>debiat</strong></span> 
     </span>
     <span class='ocr_line' id='line_1_24' title="bbox 162 2881 1164 2963; baseline 0.001 -23"><span class='ocrx_word' id='word_1_155' title='bbox 162 2881 214 2941; x_wconf 88' lang='lat' dir='ltr'><strong>lba</strong></span> <span class='ocrx_word' id='word_1_156' title='bbox 227 2883 381 2943; x_wconf 89' lang='lat' dir='ltr'><strong>Cadinensi</strong></span> <span class='ocrx_word' id='word_1_157' title='bbox 399 2903 478 2962; x_wconf 87' lang='lat' dir='ltr'><strong>syro,</strong></span> <span class='ocrx_word' id='word_1_158' title='bbox 493 2904 601 2963; x_wconf 86' lang='lat' dir='ltr'><strong>graecas</strong></span> <span class='ocrx_word' id='word_1_159' title='bbox 616 2884 815 2961; x_wconf 76' lang='lat' dir='ltr'><strong>chaldaeusque</strong></span> <span class='ocrx_word' id='word_1_160' title='bbox 832 2883 941 2942; x_wconf 88' lang='lat' dir='ltr'><strong>litteras</strong></span> <span class='ocrx_word' id='word_1_161' title='bbox 957 2883 1097 2954; x_wconf 84' lang='lat' dir='ltr'><strong>callente,</strong></span> <span class='ocrx_word' id='word_1_162' title='bbox 1112 2882 1164 2960; x_wconf 89' lang='lat' dir='ltr'><strong>qui</strong></span> 
     </span>
     <span class='ocr_line' id='line_1_25' title="bbox 161 2972 1164 3045; baseline 0.001 -15"><span class='ocrx_word' id='word_1_163' title='bbox 161 2972 238 3031; x_wconf 87' lang='lat' dir='ltr'><strong>circa</strong></span> <span class='ocrx_word' id='word_1_164' title='bbox 251 2993 360 3032; x_wconf 89' lang='lat' dir='ltr'><strong>aunum</strong></span> <span class='ocrx_word' id='word_1_165' title='bbox 378 2977 434 3033; x_wconf 77' lang='lat'><strong>150</strong></span> <span class='ocrx_word' id='word_1_166' title='bbox 448 2986 515 3033; x_wconf 88' lang='lat' dir='ltr'><strong>aute</strong></span> <span class='ocrx_word' id='word_1_167' title='bbox 528 2975 673 3033; x_wconf 87' lang='lat' dir='ltr'><strong>Christum</strong></span> <span class='ocrx_word' id='word_1_168' title='bbox 687 2987 799 3044; x_wconf 90' lang='lat' dir='ltr'><strong>natum,</strong></span> <span class='ocrx_word' id='word_1_169' title='bbox 816 2987 847 3033; x_wconf 91' lang='lat' dir='ltr'><strong>ut</strong></span> <span class='ocrx_word' id='word_1_170' title='bbox 860 2973 957 3045; x_wconf 90' lang='lat' dir='ltr'><strong>aiunt,</strong></span> <span class='ocrx_word' id='word_1_171' title='bbox 970 2978 1164 3032; x_wconf 86' lang='lat' dir='ltr'><strong>Armenorum</strong></span> 
     </span>
     <span class='ocr_line' id='line_1_26' title="bbox 161 3062 1162 3142; baseline 0.007 -23"><span class='ocrx_word' id='word_1_172' title='bbox 161 3062 310 3122; x_wconf 84' lang='lat' dir='ltr'><strong>historiam</strong></span> <span class='ocrx_word' id='word_1_173' title='bbox 339 3063 471 3142; x_wconf 87' lang='lat' dir='ltr'><strong>digerere</strong></span> <span class='ocrx_word' id='word_1_174' title='bbox 493 3065 601 3142; x_wconf 86' lang='lat' dir='ltr'><strong>coepit,</strong></span> <span class='ocrx_word' id='word_1_175' title='bbox 626 3065 736 3122; x_wconf 90' lang='lat' dir='ltr'><strong>nullam</strong></span> <span class='ocrx_word' id='word_1_176' title='bbox 766 3065 853 3122; x_wconf 86' lang='lat' dir='ltr'><strong>fidem</strong></span> <span class='ocrx_word' id='word_1_177' title='bbox 881 3064 987 3122; x_wconf 88' lang='lat' dir='ltr'><strong>mereri</strong></span> <span class='ocrx_word' id='word_1_178' title='bbox 1015 3062 1162 3126; x_wconf 88' lang='lat' dir='ltr'><strong>videntur.</strong></span> 
     </span>
    </p>
   </div>
   <div class='ocr_carea' id='block_1_4' title="bbox 163 3152 1251 3231">
    <p class='ocr_par' dir='ltr' id='par_1_5' title="bbox 163 3152 1251 3231">
     <span class='ocr_line' id='line_1_27' title="bbox 163 3152 1251 3231; baseline 0.008 -23"><span class='ocrx_word' id='word_1_179' title='bbox 163 3153 206 3209; x_wconf 85' lang='lat' dir='ltr'><strong>Cs.</strong></span> <span class='ocrx_word' id='word_1_180' title='bbox 223 3156 331 3211; x_wconf 89' lang='lat' dir='ltr'><strong>Mosem</strong></span> <span class='ocrx_word' id='word_1_181' title='bbox 345 3153 578 3223; x_wconf 88' lang='lat' dir='ltr'><strong>Khorenensem,</strong></span> <span class='ocrx_word' id='word_1_182' title='bbox 590 3157 664 3215; x_wconf 81' lang='lat' dir='ltr'><strong>Hist.</strong></span> <span class='ocrx_word' id='word_1_183' title='bbox 674 3159 770 3227; x_wconf 74' lang='lat' dir='ltr'><strong>Arm,</strong></span> <span class='ocrx_word' id='word_1_184' title='bbox 779 3152 830 3211; x_wconf 95' lang='lat' dir='ltr'><strong>lib.</strong></span> <span class='ocrx_word' id='word_1_185' title='bbox 842 3156 868 3222; x_wconf 88' lang='lat'><strong>1,</strong></span> <span class='ocrx_word' id='word_1_186' title='bbox 884 3172 947 3231; x_wconf 90' lang='lat' dir='ltr'><strong>cap.</strong></span> <span class='ocrx_word' id='word_1_187' title='bbox 959 3156 1163 3228; x_wconf 82' lang='lat' dir='ltr'><strong>v111et1x(t.1,</strong></span> <span class='ocrx_word' id='word_1_188' title='bbox 1248 3211 1251 3217; x_wconf 93' lang='lat'><strong>.</strong></span> 
     </span>
    </p>
   </div>
   <div class='ocr_carea' id='block_1_5' title="bbox 164 3234 1168 4044">
    <p class='ocr_par' dir='ltr' id='par_1_6' title="bbox 164 3234 1168 3954">
     <span class='ocr_line' id='line_1_28' title="bbox 165 3234 1167 3320; baseline 0.004 -21"><span class='ocrx_word' id='word_1_189' title='bbox 165 3263 193 3320; x_wconf 92' lang='lat' dir='ltr'><strong>p.</strong></span> <span class='ocrx_word' id='word_1_190' title='bbox 212 3245 262 3313; x_wconf 74' lang='lat' dir='ltr'><strong>ll,</strong></span> <span class='ocrx_word' id='word_1_191' title='bbox 273 3262 337 3319; x_wconf 91' lang='lat' dir='ltr'><strong>sqq.</strong></span> <span class='ocrx_word' id='word_1_192' title='bbox 349 3261 425 3299; x_wconf 88' lang='lat' dir='ltr'><strong>vers.</strong></span> <span class='ocrx_word' id='word_1_193' title='bbox 435 3241 597 3301; x_wconf 87' lang='lat' dir='ltr'><strong>Levaillant</strong></span> <span class='ocrx_word' id='word_1_194' title='bbox 610 3234 648 3300; x_wconf 89' lang='lat' dir='ltr'><strong>de</strong></span> <span class='ocrx_word' id='word_1_195' title='bbox 656 3243 924 3318; x_wconf 65' lang='lat' dir='ltr'><strong>Florival).‘·-Non</strong></span> <span class='ocrx_word' id='word_1_196' title='bbox 936 3255 1032 3301; x_wconf 88' lang='lat' dir='ltr'><strong>tamen</strong></span> <span class='ocrx_word' id='word_1_197' title='bbox 1045 3243 1167 3303; x_wconf 89' lang='lat' dir='ltr'><strong>tacenda</strong></span> 
     </span>
     <span class='ocr_line' id='line_1_29' title="bbox 164 3330 1166 3414; baseline 0.003 -23"><span class='ocrx_word' id='word_1_198' title='bbox 164 3346 230 3391; x_wconf 89' lang='lat' dir='ltr'><strong>sunt</strong></span> <span class='ocrx_word' id='word_1_199' title='bbox 241 3353 306 3410; x_wconf 87' lang='lat' dir='ltr'><strong>quae</strong></span> <span class='ocrx_word' id='word_1_200' title='bbox 320 3332 398 3411; x_wconf 89' lang='lat' dir='ltr'><strong>apud</strong></span> <span class='ocrx_word' id='word_1_201' title='bbox 407 3332 605 3401; x_wconf 87' lang='lat' dir='ltr'><strong>Plutarchum,</strong></span> <span class='ocrx_word' id='word_1_202' title='bbox 613 3333 672 3391; x_wconf 84' lang='lat' dir='ltr'><strong>vita</strong></span> <span class='ocrx_word' id='word_1_203' title='bbox 684 3333 788 3406; x_wconf 89' lang='lat' dir='ltr'><strong>Crassi,</strong></span> <span class='ocrx_word' id='word_1_204' title='bbox 803 3330 857 3391; x_wconf 92' lang='lat' dir='ltr'><strong>sub</strong></span> <span class='ocrx_word' id='word_1_205' title='bbox 869 3333 966 3402; x_wconf 86' lang='lat' dir='ltr'><strong>linem,</strong></span> <span class='ocrx_word' id='word_1_206' title='bbox 981 3332 1117 3414; x_wconf 85' lang='lat' dir='ltr'><strong>leguntur</strong></span> <span class='ocrx_word' id='word_1_207' title='bbox 1129 3334 1166 3394; x_wconf 87' lang='lat' dir='ltr'><strong>de</strong></span> 
     </span>
     <span class='ocr_line' id='line_1_30' title="bbox 164 3422 1166 3503; baseline 0.003 -23"><span class='ocrx_word' id='word_1_208' title='bbox 164 3422 339 3493; x_wconf 82' lang='lat' dir='ltr'><strong>Artavasde,</strong></span> <span class='ocrx_word' id='word_1_209' title='bbox 355 3443 423 3502; x_wconf 87' lang='lat' dir='ltr'><strong>rege</strong></span> <span class='ocrx_word' id='word_1_210' title='bbox 437 3428 642 3495; x_wconf 78' lang='lat' dir='ltr'><strong>Armenorum,</strong></span> <span class='ocrx_word' id='word_1_211' title='bbox 655 3423 732 3500; x_wconf 82' lang='lat' dir='ltr'><strong>«qui</strong></span> <span class='ocrx_word' id='word_1_212' title='bbox 748 3422 902 3503; x_wconf 83' lang='lat' dir='ltr'><strong>tragoedias</strong></span> <span class='ocrx_word' id='word_1_213' title='bbox 916 3423 1049 3494; x_wconf 87' lang='lat' dir='ltr'><strong>faciebat,</strong></span> <span class='ocrx_word' id='word_1_214' title='bbox 1059 3437 1087 3482; x_wconf 88' lang='lat' dir='ltr'><strong>et</strong></span> <span class='ocrx_word' id='word_1_215' title='bbox 1096 3444 1166 3484; x_wconf 90' lang='lat' dir='ltr'><strong>ora-</strong></span> 
     </span>
     <span class='ocr_line' id='line_1_31' title="bbox 164 3512 1168 3592; baseline 0.001 -20"><span class='ocrx_word' id='word_1_216' title='bbox 164 3513 256 3573; x_wconf 86' lang='lat' dir='ltr'><strong>tiones</strong></span> <span class='ocrx_word' id='word_1_217' title='bbox 276 3513 468 3591; x_wconf 85' lang='lat' dir='ltr'><strong>historiasque</strong></span> <span class='ocrx_word' id='word_1_218' title='bbox 489 3512 703 3586; x_wconf 87' lang='lat' dir='ltr'><strong>conscribebat,</strong></span> <span class='ocrx_word' id='word_1_219' title='bbox 719 3532 842 3592; x_wconf 89' lang='lat' dir='ltr'><strong>quarum</strong></span> <span class='ocrx_word' id='word_1_220' title='bbox 862 3513 993 3591; x_wconf 73' lang='lat' dir='ltr'><strong>quaedam</strong></span> <span class='ocrx_word' id='word_1_221' title='bbox 1006 3514 1102 3574; x_wconf 88' lang='lat' dir='ltr'><strong>adhuc</strong></span> <span class='ocrx_word' id='word_1_222' title='bbox 1113 3535 1168 3575; x_wconf 85' lang='lat' dir='ltr'><strong>cx·</strong></span> 
     </span>
     <span class='ocr_line' id='line_1_32' title="bbox 164 3604 1168 3684; baseline 0.002 -22"><span class='ocrx_word' id='word_1_223' title='bbox 164 3617 248 3664; x_wconf 89' lang='lat' dir='ltr'><strong>stant.</strong></span> <span class='ocrx_word' id='word_1_224' title='bbox 264 3630 278 3655; x_wconf 84' lang='lat'>»</span> <span class='ocrx_word' id='word_1_225' title='bbox 291 3608 382 3662; x_wconf 90' lang='lat' dir='ltr'><strong>Porro</strong></span> <span class='ocrx_word' id='word_1_226' title='bbox 393 3624 484 3682; x_wconf 91' lang='lat' dir='ltr'><strong>quum</strong></span> <span class='ocrx_word' id='word_1_227' title='bbox 495 3616 582 3683; x_wconf 89' lang='lat' dir='ltr'><strong>caput</strong></span> <span class='ocrx_word' id='word_1_228' title='bbox 592 3605 687 3664; x_wconf 86' lang='lat' dir='ltr'><strong>Crassi</strong></span> <span class='ocrx_word' id='word_1_229' title='bbox 697 3605 816 3663; x_wconf 89' lang='lat' dir='ltr'><strong>allatum</strong></span> <span class='ocrx_word' id='word_1_230' title='bbox 830 3618 883 3675; x_wconf 87' lang='lat' dir='ltr'><strong>est,</strong></span> <span class='ocrx_word' id='word_1_231' title='bbox 895 3606 1010 3665; x_wconf 76' lang='lat' dir='ltr'><strong>Bacchae</strong></span> <span class='ocrx_word' id='word_1_232' title='bbox 1023 3604 1168 3684; x_wconf 84' lang='lat' dir='ltr'><strong>Euripidis</strong></span> 
     </span>
     <span class='ocr_line' id='line_1_33' title="bbox 165 3693 1167 3774; baseline 0.002 -24"><span class='ocrx_word' id='word_1_233' title='bbox 165 3713 262 3751; x_wconf 90' lang='lat' dir='ltr'><strong>coram</strong></span> <span class='ocrx_word' id='word_1_234' title='bbox 281 3713 349 3773; x_wconf 89' lang='lat' dir='ltr'><strong>rege</strong></span> <span class='ocrx_word' id='word_1_235' title='bbox 369 3693 572 3753; x_wconf 87' lang='lat' dir='ltr'><strong>recitabantur.</strong></span> <span class='ocrx_word' id='word_1_236' title='bbox 596 3695 706 3753; x_wconf 89' lang='lat' dir='ltr'><strong>Orodes</strong></span> <span class='ocrx_word' id='word_1_237' title='bbox 726 3694 812 3752; x_wconf 89' lang='lat' dir='ltr'><strong>etiam</strong></span> <span class='ocrx_word' id='word_1_238' title='bbox 830 3693 989 3753; x_wconf 89' lang='lat' dir='ltr'><strong>litterarum</strong></span> <span class='ocrx_word' id='word_1_239' title='bbox 1009 3714 1167 3774; x_wconf 84' lang='lat' dir='ltr'><strong>graecarum</strong></span> 
     </span>
     <span class='ocr_line' id='line_1_34' title="bbox 167 3783 1168 3864; baseline 0.002 -24"><span class='ocrx_word' id='word_1_240' title='bbox 167 3801 225 3840; x_wconf 91' lang='lat' dir='ltr'><strong>non</strong></span> <span class='ocrx_word' id='word_1_241' title='bbox 244 3783 361 3861; x_wconf 87' lang='lat' dir='ltr'><strong>ignarus</strong></span> <span class='ocrx_word' id='word_1_242' title='bbox 382 3797 452 3844; x_wconf 89' lang='lat' dir='ltr'><strong>erat.</strong></span> <span class='ocrx_word' id='word_1_243' title='bbox 476 3784 692 3864; x_wconf 79' lang='lat' dir='ltr'><strong>Agathangelus</strong></span> <span class='ocrx_word' id='word_1_244' title='bbox 707 3785 810 3843; x_wconf 90' lang='lat' dir='ltr'><strong>eadem</strong></span> <span class='ocrx_word' id='word_1_245' title='bbox 831 3785 892 3843; x_wconf 84' lang='lat' dir='ltr'><strong>lere</strong></span> <span class='ocrx_word' id='word_1_246' title='bbox 912 3804 976 3861; x_wconf 87' lang='lat' dir='ltr'><strong>quae</strong></span> <span class='ocrx_word' id='word_1_247' title='bbox 998 3783 1168 3845; x_wconf 86' lang='lat' dir='ltr'><strong>Plutarchus</strong></span> 
     </span>
     <span class='ocr_line' id='line_1_35' title="bbox 168 3870 860 3954; baseline 0.003 -24"><span class='ocrx_word' id='word_1_248' title='bbox 168 3870 256 3930; x_wconf 78' lang='lat' dir='ltr'><strong>relert</strong></span> <span class='ocrx_word' id='word_1_249' title='bbox 268 3876 354 3946; x_wconf 82' lang='lat' dir='ltr'><strong>(Hist.</strong></span> <span class='ocrx_word' id='word_1_250' title='bbox 371 3879 400 3934; x_wconf 91' lang='lat' dir='ltr'><strong>S.</strong></span> <span class='ocrx_word' id='word_1_251' title='bbox 420 3879 502 3952; x_wconf 83' lang='lat' dir='ltr'><strong>Greg.</strong></span> <span class='ocrx_word' id='word_1_252' title='bbox 517 3880 629 3949; x_wconf 74' lang='lat' dir='ltr'><strong>Illum,</strong></span> <span class='ocrx_word' id='word_1_253' title='bbox 645 3896 675 3954; x_wconf 91' lang='lat' dir='ltr'><strong>p.</strong></span> <span class='ocrx_word' id='word_1_254' title='bbox 694 3878 765 3948; x_wconf 76' lang='lat'><strong>375,</strong></span> <span class='ocrx_word' id='word_1_255' title='bbox 781 3877 860 3950; x_wconf 79' lang='lat'><strong>377).</strong></span> 
     </span>
    </p>

    <p class='ocr_par' dir='ltr' id='par_1_7' title="bbox 206 3959 866 4044">
     <span class='ocr_line' id='line_1_36' title="bbox 206 3959 866 4044; baseline 0.011 -26"><span class='ocrx_word' id='word_1_256' title='bbox 206 3959 217 3993; x_wconf 80' lang='lat'>⁸</span> <span class='ocrx_word' id='word_1_257' title='bbox 236 3962 374 4019; x_wconf 85' lang='lat' dir='ltr'><strong>Me&#39;moire</strong></span> <span class='ocrx_word' id='word_1_258' title='bbox 386 3983 436 4021; x_wconf 82' lang='lat' dir='ltr'><strong>sur</strong></span> <span class='ocrx_word' id='word_1_259' title='bbox 448 3969 488 4022; x_wconf 82' lang='lat' dir='ltr'><strong>les</strong></span> <span class='ocrx_word' id='word_1_260' title='bbox 500 3965 675 4036; x_wconf 84' lang='lat' dir='ltr'><strong>Nabate&#39;ens,</strong></span> <span class='ocrx_word' id='word_1_261' title='bbox 690 3986 721 4044; x_wconf 91' lang='lat' dir='ltr'><strong>p.</strong></span> <span class='ocrx_word' id='word_1_262' title='bbox 738 3970 790 4039; x_wconf 76' lang='lat'><strong>91,</strong></span> <span class='ocrx_word' id='word_1_263' title='bbox 804 3985 866 4043; x_wconf 83' lang='lat' dir='ltr'><strong>sqq.</strong></span> 
     </span>
    </p>
   </div>
   <div class='ocr_carea' id='block_1_6' title="bbox 0 0 1391 4786">
    <p class='ocr_par' dir='ltr' id='par_1_8' title="bbox 0 0 1391 4786">
     <span class='ocr_line' id='line_1_37' title="bbox 0 0 1391 4786; baseline 0 0"><span class='ocrx_word' id='word_1_264' title='bbox 0 0 1391 4786; x_wconf 95' lang='lat' dir='ltr'><strong> </strong></span> 
     </span>
    </p>
   </div>
  </div>
 </body>
</html>
